{"balance_sheet": {"symbol": "HDB", "annualReports": [{"fiscalDateEnding": "2023-03-31", "reportedCurrency": "INR", "totalAssets": "25755624000000", "totalCurrentAssets": "23999392580", "cashAndCashEquivalentsAtCarryingValue": "2363920200000", "cashAndShortTermInvestments": "2363920200000", "inventory": "None", "currentNetReceivables": "None", "totalNonCurrentAssets": "1026372235", "propertyPlantEquipment": "82825500000", "accumulatedDepreciationAmortizationPPE": "None", "intangibleAssets": "None", "intangibleAssetsExcludingGoodwill": "None", "goodwill": "74937900000", "investments": "None", "longTermInvestments": "5014675100000", "shortTermInvestments": "4878844000000", "otherCurrentAssets": "None", "otherNonCurrentAssets": "None", "totalLiabilities": "22837786100000", "totalCurrentLiabilities": "1527188600000", "currentAccountsPayable": "None", "deferredRevenue": "None", "currentDebt": "None", "shortTermDebt": "1089897500000", "totalNonCurrentLiabilities": "31230435718", "capitalLeaseObligations": "97658900000", "longTermDebt": "2565486600000", "currentLongTermDebt": "1089897500000", "longTermDebtNoncurrent": "None", "shortLongTermDebtTotal": "3241992800000", "otherCurrentLiabilities": "-1527188600000", "otherNonCurrentLiabilities": "None", "totalShareholderEquity": "2912200700000", "treasuryStock": "None", "retainedEarnings": "1447784100000", "commonStock": "5579700000", "commonStockSharesOutstanding": "5590994287"}, {"fiscalDateEnding": "2022-03-31", "reportedCurrency": "INR", "totalAssets": "21113705500000", "totalCurrentAssets": "4818677395", "cashAndCashEquivalentsAtCarryingValue": "1599220700000", "cashAndShortTermInvestments": "1599220700000", "inventory": "512200000", "currentNetReceivables": "None", "totalNonCurrentAssets": "846959102", "propertyPlantEquipment": "62832800000", "accumulatedDepreciationAmortizationPPE": "None", "intangibleAssets": "None", "intangibleAssetsExcludingGoodwill": "None", "goodwill": "74937900000", "investments": "None", "longTermInvestments": "4441762600000", "shortTermInvestments": "4388563100000", "otherCurrentAssets": "10241354900000", "otherNonCurrentAssets": "None", "totalLiabilities": "18604252100000", "totalCurrentLiabilities": "919827000000", "currentAccountsPayable": "None", "deferredRevenue": "None", "currentDebt": "None", "shortTermDebt": "554167600000", "totalNonCurrentLiabilities": "26699201060", "capitalLeaseObligations": "78138000000", "longTermDebt": "1554333400000", "currentLongTermDebt": "554167600000", "longTermDebtNoncurrent": "None", "shortLongTermDebtTotal": "2186639000000", "otherCurrentLiabilities": "-919827000000", "otherNonCurrentLiabilities": "None", "totalShareholderEquity": "2504838400000", "treasuryStock": "None", "retainedEarnings": "1153191100000", "commonStock": "5545500000", "commonStockSharesOutstanding": "5570933985"}, {"fiscalDateEnding": "2021-03-31", "reportedCurrency": "INR", "totalAssets": "17995066300000", "totalCurrentAssets": "5692537300000", "cashAndCashEquivalentsAtCarryingValue": "1212725100000", "cashAndShortTermInvestments": "1212725100000", "inventory": "512557000", "currentNetReceivables": "None", "totalNonCurrentAssets": "4514164600000", "propertyPlantEquipment": "50995600000", "accumulatedDepreciationAmortizationPPE": "None", "intangibleAssets": "None", "intangibleAssetsExcludingGoodwill": "None", "goodwill": "74937900000", "investments": "None", "longTermInvestments": "4388231100000", "shortTermInvestments": "4275449900000", "otherCurrentAssets": "7890935800000", "otherNonCurrentAssets": "None", "totalLiabilities": "15890636900000", "totalCurrentLiabilities": "585302100000", "currentAccountsPayable": "None", "deferredRevenue": "None", "currentDebt": "None", "shortTermDebt": "239264100000", "totalNonCurrentLiabilities": "1776967500000", "capitalLeaseObligations": "70422000000", "longTermDebt": "1776967500000", "currentLongTermDebt": "239264100000", "longTermDebtNoncurrent": "None", "shortLongTermDebtTotal": "1776967500000", "otherCurrentLiabilities": "-585302100000", "otherNonCurrentLiabilities": "None", "totalShareholderEquity": "2098101800000", "treasuryStock": "None", "retainedEarnings": "897873700000", "commonStock": "5512800000", "commonStockSharesOutstanding": "1841159449"}, {"fiscalDateEnding": "2020-03-31", "reportedCurrency": "INR", "totalAssets": "15308524100000", "totalCurrentAssets": "4677993400000", "cashAndCashEquivalentsAtCarryingValue": "866187200000", "cashAndShortTermInvestments": "866187200000", "inventory": "0", "currentNetReceivables": "None", "totalNonCurrentAssets": "4037523600000", "propertyPlantEquipment": "46268558000", "accumulatedDepreciationAmortizationPPE": "0", "intangibleAssets": "0", "intangibleAssetsExcludingGoodwill": "0", "goodwill": "74937900000", "investments": "None", "longTermInvestments": "3711252100000", "shortTermInvestments": "3406289200000", "otherCurrentAssets": "7528064200000", "otherNonCurrentAssets": "None", "totalLiabilities": "13595252500000", "totalCurrentLiabilities": "636719900000", "currentAccountsPayable": "None", "deferredRevenue": "None", "currentDebt": "None", "shortTermDebt": "377417600000", "totalNonCurrentLiabilities": "1446285400000", "capitalLeaseObligations": "65615100000", "longTermDebt": "1026518300000", "currentLongTermDebt": "377417600000", "longTermDebtNoncurrent": "None", "shortLongTermDebtTotal": "1446285400000", "otherCurrentLiabilities": "-636719900000", "otherNonCurrentLiabilities": "0", "totalShareholderEquity": "1709860200000", "treasuryStock": "0", "retainedEarnings": "713340600000", "commonStock": "5483300000", "commonStockSharesOutstanding": "1835264184"}, {"fiscalDateEnding": "2019-03-31", "reportedCurrency": "INR", "totalAssets": "13280073600000", "totalCurrentAssets": "6116508982", "cashAndCashEquivalentsAtCarryingValue": "855413900000", "cashAndShortTermInvestments": "855413900000", "inventory": "0", "currentNetReceivables": "None", "totalNonCurrentAssets": "629530527", "propertyPlantEquipment": "42198371000", "accumulatedDepreciationAmortizationPPE": "0", "intangibleAssets": "0", "intangibleAssetsExcludingGoodwill": "0", "goodwill": "74937900000", "investments": "None", "longTermInvestments": "2898864500000", "shortTermInvestments": "2633348400000", "otherCurrentAssets": "6613038100000", "otherNonCurrentAssets": "None", "totalLiabilities": "11644449000000", "totalCurrentLiabilities": "654058000000", "currentAccountsPayable": "None", "deferredRevenue": "None", "currentDebt": "None", "shortTermDebt": "654058000000", "totalNonCurrentLiabilities": "20222318459", "capitalLeaseObligations": "0", "longTermDebt": "1044553000000", "currentLongTermDebt": "654058000000", "longTermDebtNoncurrent": "None", "shortLongTermDebtTotal": "1698611000000", "otherCurrentLiabilities": "-237989400000", "otherNonCurrentLiabilities": "0", "totalShareholderEquity": "1632575300000", "treasuryStock": "0", "retainedEarnings": "587235200000", "commonStock": "5446600000", "commonStockSharesOutstanding": "1804551318"}], "quarterlyReports": [{"fiscalDateEnding": "2023-09-30", "reportedCurrency": "USD", "totalAssets": "37813470800000", "totalCurrentAssets": "None", "cashAndCashEquivalentsAtCarryingValue": "None", "cashAndShortTermInvestments": "None", "inventory": "None", "currentNetReceivables": "None", "totalNonCurrentAssets": "None", "propertyPlantEquipment": "112605100000", "accumulatedDepreciationAmortizationPPE": "None", "intangibleAssets": "None", "intangibleAssetsExcludingGoodwill": "None", "goodwill": "0", "investments": "None", "longTermInvestments": "None", "shortTermInvestments": "None", "otherCurrentAssets": "None", "otherNonCurrentAssets": "None", "totalLiabilities": "33624207000000", "totalCurrentLiabilities": "None", "currentAccountsPayable": "None", "deferredRevenue": "None", "currentDebt": "None", "shortTermDebt": "None", "totalNonCurrentLiabilities": "None", "capitalLeaseObligations": "None", "longTermDebt": "7712272600000", "currentLongTermDebt": "None", "longTermDebtNoncurrent": "None", "shortLongTermDebtTotal": "None", "otherCurrentLiabilities": "None", "otherNonCurrentLiabilities": "None", "totalShareholderEquity": "4189263800000", "treasuryStock": "None", "retainedEarnings": "4181682000000", "commonStock": "7581800000", "commonStockSharesOutstanding": "7581806370"}, {"fiscalDateEnding": "2023-06-30", "reportedCurrency": "INR", "totalAssets": "25708775700000", "totalCurrentAssets": "1640181900000", "cashAndCashEquivalentsAtCarryingValue": "1640181900000", "cashAndShortTermInvestments": "1640181900000", "inventory": "None", "currentNetReceivables": "None", "totalNonCurrentAssets": "5701841600000", "propertyPlantEquipment": "87453200000", "accumulatedDepreciationAmortizationPPE": "None", "intangibleAssets": "None", "intangibleAssetsExcludingGoodwill": "None", "goodwill": "1487900000", "investments": "None", "longTermInvestments": "5612900500000", "shortTermInvestments": "None", "otherCurrentAssets": "None", "otherNonCurrentAssets": "None", "totalLiabilities": "2635474700000", "totalCurrentLiabilities": "None", "currentAccountsPayable": "None", "deferredRevenue": "None", "currentDebt": "None", "shortTermDebt": "None", "totalNonCurrentLiabilities": "2635474700000", "capitalLeaseObligations": "None", "longTermDebt": "2635474700000", "currentLongTermDebt": "None", "longTermDebtNoncurrent": "None", "shortLongTermDebtTotal": "2635474700000", "otherCurrentLiabilities": "None", "otherNonCurrentLiabilities": "None", "totalShareholderEquity": "3034782400000", "treasuryStock": "None", "retainedEarnings": "3029190600000", "commonStock": "5591800000", "commonStockSharesOutstanding": "1871747617"}, {"fiscalDateEnding": "2023-03-31", "reportedCurrency": "INR", "totalAssets": "25755624000000", "totalCurrentAssets": "23999392580", "cashAndCashEquivalentsAtCarryingValue": "2363920200000", "cashAndShortTermInvestments": "2363920200000", "inventory": "None", "currentNetReceivables": "None", "totalNonCurrentAssets": "1026372235", "propertyPlantEquipment": "82825500000", "accumulatedDepreciationAmortizationPPE": "None", "intangibleAssets": "None", "intangibleAssetsExcludingGoodwill": "None", "goodwill": "74937900000", "investments": "None", "longTermInvestments": "5014675100000", "shortTermInvestments": "4878844000000", "otherCurrentAssets": "None", "otherNonCurrentAssets": "None", "totalLiabilities": "22837786100000", "totalCurrentLiabilities": "1527188600000", "currentAccountsPayable": "None", "deferredRevenue": "None", "currentDebt": "None", "shortTermDebt": "1089897500000", "totalNonCurrentLiabilities": "31230435718", "capitalLeaseObligations": "97658900000", "longTermDebt": "2565486600000", "currentLongTermDebt": "1089897500000", "longTermDebtNoncurrent": "None", "shortLongTermDebtTotal": "3241992800000", "otherCurrentLiabilities": "-1527188600000", "otherNonCurrentLiabilities": "None", "totalShareholderEquity": "2912200700000", "treasuryStock": "None", "retainedEarnings": "1447784100000", "commonStock": "5579700000", "commonStockSharesOutstanding": "5607511130"}, {"fiscalDateEnding": "2022-12-31", "reportedCurrency": "INR", "totalAssets": "None", "totalCurrentAssets": "None", "cashAndCashEquivalentsAtCarryingValue": "None", "cashAndShortTermInvestments": "None", "inventory": "None", "currentNetReceivables": "None", "totalNonCurrentAssets": "None", "propertyPlantEquipment": "None", "accumulatedDepreciationAmortizationPPE": "None", "intangibleAssets": "None", "intangibleAssetsExcludingGoodwill": "None", "goodwill": "None", "investments": "None", "longTermInvestments": "None", "shortTermInvestments": "None", "otherCurrentAssets": "None", "otherNonCurrentAssets": "None", "totalLiabilities": "None", "totalCurrentLiabilities": "None", "currentAccountsPayable": "None", "deferredRevenue": "None", "currentDebt": "None", "shortTermDebt": "None", "totalNonCurrentLiabilities": "None", "capitalLeaseObligations": "None", "longTermDebt": "None", "currentLongTermDebt": "None", "longTermDebtNoncurrent": "None", "shortLongTermDebtTotal": "None", "otherCurrentLiabilities": "None", "otherNonCurrentLiabilities": "None", "totalShareholderEquity": "None", "treasuryStock": "None", "retainedEarnings": "None", "commonStock": "None", "commonStockSharesOutstanding": "5598906525"}, {"fiscalDateEnding": "2022-09-30", "reportedCurrency": "INR", "totalAssets": "23030048300000", "totalCurrentAssets": "12837821464", "cashAndCashEquivalentsAtCarryingValue": "1013245400000", "cashAndShortTermInvestments": "1013245400000", "inventory": "None", "currentNetReceivables": "None", "totalNonCurrentAssets": "855278107", "propertyPlantEquipment": "68280300000", "accumulatedDepreciationAmortizationPPE": "None", "intangibleAssets": "None", "intangibleAssetsExcludingGoodwill": "None", "goodwill": "74937900000", "investments": "None", "longTermInvestments": "4997907200000", "shortTermInvestments": "4947132800000", "otherCurrentAssets": "15339451700000", "otherNonCurrentAssets": "None", "totalLiabilities": "20419248200000", "totalCurrentLiabilities": "1042360100000", "currentAccountsPayable": "None", "deferredRevenue": "None", "currentDebt": "None", "shortTermDebt": "952979800000", "totalNonCurrentLiabilities": "30860839858", "capitalLeaseObligations": "None", "longTermDebt": "2517432900000", "currentLongTermDebt": "952979800000", "longTermDebtNoncurrent": "None", "shortLongTermDebtTotal": "2393267300000", "otherCurrentLiabilities": "-1042360100000", "otherNonCurrentLiabilities": "None", "totalShareholderEquity": "2605735200000", "treasuryStock": "None", "retainedEarnings": "1287776200000", "commonStock": "5570000000", "commonStockSharesOutstanding": "5582142498"}, {"fiscalDateEnding": "2022-06-30", "reportedCurrency": "INR", "totalAssets": "21648584400000", "totalCurrentAssets": "4818677395", "cashAndCashEquivalentsAtCarryingValue": "4818677395", "cashAndShortTermInvestments": "4818677395", "inventory": "None", "currentNetReceivables": "None", "totalNonCurrentAssets": "846959102", "propertyPlantEquipment": "65041600000", "accumulatedDepreciationAmortizationPPE": "None", "intangibleAssets": "None", "intangibleAssetsExcludingGoodwill": "None", "goodwill": "19592299", "investments": "None", "longTermInvestments": "None", "shortTermInvestments": "None", "otherCurrentAssets": "None", "otherNonCurrentAssets": "None", "totalLiabilities": "26699201060", "totalCurrentLiabilities": "16036290500000", "currentAccountsPayable": "None", "deferredRevenue": "None", "currentDebt": "None", "shortTermDebt": "None", "totalNonCurrentLiabilities": "26699201060", "capitalLeaseObligations": "None", "longTermDebt": "2169461400000", "currentLongTermDebt": "None", "longTermDebtNoncurrent": "None", "shortLongTermDebtTotal": "None", "otherCurrentLiabilities": "None", "otherNonCurrentLiabilities": "None", "totalShareholderEquity": "22783789397", "treasuryStock": "None", "retainedEarnings": "22710767622", "commonStock": "73021775", "commonStockSharesOutstanding": "5584497326"}, {"fiscalDateEnding": "2022-03-31", "reportedCurrency": "INR", "totalAssets": "21113705500000", "totalCurrentAssets": "4818677395", "cashAndCashEquivalentsAtCarryingValue": "4818677395", "cashAndShortTermInvestments": "4818677395", "inventory": "512200000", "currentNetReceivables": "None", "totalNonCurrentAssets": "846959102", "propertyPlantEquipment": "62832800000", "accumulatedDepreciationAmortizationPPE": "None", "intangibleAssets": "None", "intangibleAssetsExcludingGoodwill": "None", "goodwill": "19592299", "investments": "None", "longTermInvestments": "None", "shortTermInvestments": "None", "otherCurrentAssets": "1365507000000", "otherNonCurrentAssets": "None", "totalLiabilities": "26699201060", "totalCurrentLiabilities": "16035423700000", "currentAccountsPayable": "None", "deferredRevenue": "None", "currentDebt": "None", "shortTermDebt": "None", "totalNonCurrentLiabilities": "26699201060", "capitalLeaseObligations": "None", "longTermDebt": "1554333400000", "currentLongTermDebt": "None", "longTermDebtNoncurrent": "None", "shortLongTermDebtTotal": "None", "otherCurrentLiabilities": "130937400000", "otherNonCurrentLiabilities": "None", "totalShareholderEquity": "22783789397", "treasuryStock": "None", "retainedEarnings": "22710767622", "commonStock": "73021775", "commonStockSharesOutstanding": "5584497326"}, {"fiscalDateEnding": "2021-12-31", "reportedCurrency": "INR", "totalAssets": "19902703600000", "totalCurrentAssets": "22973824891", "cashAndCashEquivalentsAtCarryingValue": "22973824891", "cashAndShortTermInvestments": "22973824891", "inventory": "None", "currentNetReceivables": "None", "totalNonCurrentAssets": "778979679", "propertyPlantEquipment": "56547800000", "accumulatedDepreciationAmortizationPPE": "None", "intangibleAssets": "None", "intangibleAssetsExcludingGoodwill": "None", "goodwill": "19971222", "investments": "None", "longTermInvestments": "None", "shortTermInvestments": "None", "otherCurrentAssets": "None", "otherNonCurrentAssets": "None", "totalLiabilities": "31203450309", "totalCurrentLiabilities": "14442041000000", "currentAccountsPayable": "None", "deferredRevenue": "None", "currentDebt": "None", "shortTermDebt": "None", "totalNonCurrentLiabilities": "31203450309", "capitalLeaseObligations": "None", "longTermDebt": "2324725700000", "currentLongTermDebt": "None", "longTermDebtNoncurrent": "None", "shortLongTermDebtTotal": "None", "otherCurrentLiabilities": "None", "otherNonCurrentLiabilities": "None", "totalShareholderEquity": "74392433", "treasuryStock": "None", "retainedEarnings": "2358886300000", "commonStock": "74392433", "commonStockSharesOutstanding": "5574452631"}, {"fiscalDateEnding": "2021-09-30", "reportedCurrency": "INR", "totalAssets": "18976758200000", "totalCurrentAssets": "2907407431", "cashAndCashEquivalentsAtCarryingValue": "757914400000", "cashAndShortTermInvestments": "757914400000", "inventory": "None", "currentNetReceivables": "None", "totalNonCurrentAssets": "2683478336", "propertyPlantEquipment": "54020000000", "accumulatedDepreciationAmortizationPPE": "None", "intangibleAssets": "None", "intangibleAssetsExcludingGoodwill": "None", "goodwill": "74937900000", "investments": "None", "longTermInvestments": "4162925800000", "shortTermInvestments": "4057756900000", "otherCurrentAssets": "666460800000", "otherNonCurrentAssets": "None", "totalLiabilities": "16632337800000", "totalCurrentLiabilities": "497480600000", "currentAccountsPayable": "None", "deferredRevenue": "None", "currentDebt": "None", "shortTermDebt": "420506500000", "totalNonCurrentLiabilities": "15705686222", "capitalLeaseObligations": "None", "longTermDebt": "1498135400000", "currentLongTermDebt": "420506500000", "longTermDebtNoncurrent": "None", "shortLongTermDebtTotal": "1615994800000", "otherCurrentLiabilities": "-497480600000", "otherNonCurrentLiabilities": "None", "totalShareholderEquity": "2340408200000", "treasuryStock": "None", "retainedEarnings": "1046371200000", "commonStock": "5537500000", "commonStockSharesOutstanding": "1845817296"}, {"fiscalDateEnding": "2021-06-30", "reportedCurrency": "INR", "totalAssets": "17995066300000", "totalCurrentAssets": "4729035118", "cashAndCashEquivalentsAtCarryingValue": "1212725100000", "cashAndShortTermInvestments": "1212725100000", "inventory": "None", "currentNetReceivables": "None", "totalNonCurrentAssets": "716826123", "propertyPlantEquipment": "51865700000", "accumulatedDepreciationAmortizationPPE": "None", "intangibleAssets": "None", "intangibleAssetsExcludingGoodwill": "None", "goodwill": "74937900000", "investments": "None", "longTermInvestments": "4361316400000", "shortTermInvestments": "4275449900000", "otherCurrentAssets": "None", "otherNonCurrentAssets": "None", "totalLiabilities": "15890636900000", "totalCurrentLiabilities": "585302100000", "currentAccountsPayable": "None", "deferredRevenue": "None", "currentDebt": "None", "shortTermDebt": "239264100000", "totalNonCurrentLiabilities": "18174978303", "capitalLeaseObligations": "None", "longTermDebt": "1312750200000", "currentLongTermDebt": "None", "longTermDebtNoncurrent": "None", "shortLongTermDebtTotal": "1776967500000", "otherCurrentLiabilities": "-585302100000", "otherNonCurrentLiabilities": "None", "totalShareholderEquity": "2098101800000", "treasuryStock": "None", "retainedEarnings": "897873700000", "commonStock": "5512800000", "commonStockSharesOutstanding": "1849513158"}, {"fiscalDateEnding": "2021-03-31", "reportedCurrency": "INR", "totalAssets": "17995066300000", "totalCurrentAssets": "4729035118", "cashAndCashEquivalentsAtCarryingValue": "1212725100000", "cashAndShortTermInvestments": "1212725100000", "inventory": "512557000", "currentNetReceivables": "None", "totalNonCurrentAssets": "716826123", "propertyPlantEquipment": "50995600000", "accumulatedDepreciationAmortizationPPE": "None", "intangibleAssets": "None", "intangibleAssetsExcludingGoodwill": "None", "goodwill": "74937900000", "investments": "None", "longTermInvestments": "4388231100000", "shortTermInvestments": "4275449900000", "otherCurrentAssets": "7890935800000", "otherNonCurrentAssets": "None", "totalLiabilities": "15890636900000", "totalCurrentLiabilities": "585302100000", "currentAccountsPayable": "None", "deferredRevenue": "None", "currentDebt": "None", "shortTermDebt": "239264100000", "totalNonCurrentLiabilities": "18174978303", "capitalLeaseObligations": "70422000000", "longTermDebt": "1776967500000", "currentLongTermDebt": "239264100000", "longTermDebtNoncurrent": "None", "shortLongTermDebtTotal": "1776967500000", "otherCurrentLiabilities": "-585302100000", "otherNonCurrentLiabilities": "None", "totalShareholderEquity": "2098101800000", "treasuryStock": "None", "retainedEarnings": "897873700000", "commonStock": "5512800000", "commonStockSharesOutstanding": "1849513158"}, {"fiscalDateEnding": "2020-12-31", "reportedCurrency": "INR", "totalAssets": "17066953700000", "totalCurrentAssets": "12010039962", "cashAndCashEquivalentsAtCarryingValue": "1068966100000", "cashAndShortTermInvestments": "1068966100000", "inventory": "None", "currentNetReceivables": "None", "totalNonCurrentAssets": "679790006", "propertyPlantEquipment": "49671100000", "accumulatedDepreciationAmortizationPPE": "None", "intangibleAssets": "None", "intangibleAssetsExcludingGoodwill": "None", "goodwill": "None", "investments": "None", "longTermInvestments": "4114452000000", "shortTermInvestments": "-1056956060038", "otherCurrentAssets": "None", "otherNonCurrentAssets": "None", "totalLiabilities": "22191051461", "totalCurrentLiabilities": "12704901400000", "currentAccountsPayable": "None", "deferredRevenue": "None", "currentDebt": "None", "shortTermDebt": "377417600000", "totalNonCurrentLiabilities": "22191051461", "capitalLeaseObligations": "None", "longTermDebt": "1621462400000", "currentLongTermDebt": "None", "longTermDebtNoncurrent": "None", "shortLongTermDebtTotal": "1621462400000", "otherCurrentLiabilities": "None", "otherNonCurrentLiabilities": "None", "totalShareholderEquity": "2009863900000", "treasuryStock": "None", "retainedEarnings": "None", "commonStock": "5507700000", "commonStockSharesOutstanding": "1835885644"}, {"fiscalDateEnding": "2020-09-30", "reportedCurrency": "INR", "totalAssets": "16619208300000", "totalCurrentAssets": "2528203548", "cashAndCashEquivalentsAtCarryingValue": "558078600000", "cashAndShortTermInvestments": "558078600000", "inventory": "None", "currentNetReceivables": "None", "totalNonCurrentAssets": "2546429363", "propertyPlantEquipment": "47491800000", "accumulatedDepreciationAmortizationPPE": "None", "intangibleAssets": "None", "intangibleAssetsExcludingGoodwill": "None", "goodwill": "74937900000", "investments": "None", "longTermInvestments": "4139651100000", "shortTermInvestments": "4006859000000", "otherCurrentAssets": "492283100000", "otherNonCurrentAssets": "None", "totalLiabilities": "14598581900000", "totalCurrentLiabilities": "343318300000", "currentAccountsPayable": "None", "deferredRevenue": "None", "currentDebt": "None", "shortTermDebt": "260056400000", "totalNonCurrentLiabilities": "13022349527", "capitalLeaseObligations": "None", "longTermDebt": "1325800500000", "currentLongTermDebt": "260056400000", "longTermDebtNoncurrent": "None", "shortLongTermDebtTotal": "1282567400000", "otherCurrentLiabilities": "-343318300000", "otherNonCurrentLiabilities": "None", "totalShareholderEquity": "2017086200000", "treasuryStock": "None", "retainedEarnings": "818248500000", "commonStock": "5503700000", "commonStockSharesOutstanding": "1834014286"}, {"fiscalDateEnding": "2020-06-30", "reportedCurrency": "INR", "totalAssets": "15308524100000", "totalCurrentAssets": "3306514113", "cashAndCashEquivalentsAtCarryingValue": "866187200000", "cashAndShortTermInvestments": "866187200000", "inventory": "None", "currentNetReceivables": "None", "totalNonCurrentAssets": "633080900", "propertyPlantEquipment": "None", "accumulatedDepreciationAmortizationPPE": "None", "intangibleAssets": "None", "intangibleAssetsExcludingGoodwill": "None", "goodwill": "74937900000", "investments": "None", "longTermInvestments": "3772587400000", "shortTermInvestments": "3406289200000", "otherCurrentAssets": "None", "otherNonCurrentAssets": "None", "totalLiabilities": "13595252500000", "totalCurrentLiabilities": "636719900000", "currentAccountsPayable": "None", "deferredRevenue": "None", "currentDebt": "None", "shortTermDebt": "377417600000", "totalNonCurrentLiabilities": "17804748806", "capitalLeaseObligations": "None", "longTermDebt": "1596812300000", "currentLongTermDebt": "None", "longTermDebtNoncurrent": "None", "shortLongTermDebtTotal": "1446285400000", "otherCurrentLiabilities": "-636719900000", "otherNonCurrentLiabilities": "None", "totalShareholderEquity": "1709860200000", "treasuryStock": "None", "retainedEarnings": "713340600000", "commonStock": "5483300000", "commonStockSharesOutstanding": "1832722222"}, {"fiscalDateEnding": "2020-03-31", "reportedCurrency": "INR", "totalAssets": "15308524100000", "totalCurrentAssets": "3306514113", "cashAndCashEquivalentsAtCarryingValue": "866187200000", "cashAndShortTermInvestments": "866187200000", "inventory": "0", "currentNetReceivables": "None", "totalNonCurrentAssets": "633080900", "propertyPlantEquipment": "46268558000", "accumulatedDepreciationAmortizationPPE": "0", "intangibleAssets": "0", "intangibleAssetsExcludingGoodwill": "0", "goodwill": "74937900000", "investments": "None", "longTermInvestments": "3711252100000", "shortTermInvestments": "3406289200000", "otherCurrentAssets": "759862630000", "otherNonCurrentAssets": "None", "totalLiabilities": "13595252500000", "totalCurrentLiabilities": "636719900000", "currentAccountsPayable": "None", "deferredRevenue": "None", "currentDebt": "None", "shortTermDebt": "377417600000", "totalNonCurrentLiabilities": "17804748806", "capitalLeaseObligations": "65615100000", "longTermDebt": "1026518300000", "currentLongTermDebt": "377417600000", "longTermDebtNoncurrent": "None", "shortLongTermDebtTotal": "1446285400000", "otherCurrentLiabilities": "-636719900000", "otherNonCurrentLiabilities": "0", "totalShareholderEquity": "1709860200000", "treasuryStock": "0", "retainedEarnings": "713340600000", "commonStock": "5483300000", "commonStockSharesOutstanding": "1832722222"}, {"fiscalDateEnding": "2019-12-31", "reportedCurrency": "INR", "totalAssets": "13953356200000", "totalCurrentAssets": "13032540953", "cashAndCashEquivalentsAtCarryingValue": "1024061200000", "cashAndShortTermInvestments": "1024061200000", "inventory": "0", "currentNetReceivables": "None", "totalNonCurrentAssets": "628454465", "propertyPlantEquipment": "44765000000", "accumulatedDepreciationAmortizationPPE": "0", "intangibleAssets": "0", "intangibleAssetsExcludingGoodwill": "0", "goodwill": "0", "investments": "None", "longTermInvestments": "3112941200000", "shortTermInvestments": "-1011028659047", "otherCurrentAssets": "0", "otherNonCurrentAssets": "None", "totalLiabilities": "21758133872", "totalCurrentLiabilities": "10670265900000", "currentAccountsPayable": "None", "deferredRevenue": "None", "currentDebt": "None", "shortTermDebt": "0", "totalNonCurrentLiabilities": "21758133872", "capitalLeaseObligations": "0", "longTermDebt": "1132772000000", "currentLongTermDebt": "0", "longTermDebtNoncurrent": "None", "shortLongTermDebtTotal": "1132772000000", "otherCurrentLiabilities": "0", "otherNonCurrentLiabilities": "0", "totalShareholderEquity": "1635907600000", "treasuryStock": "0", "retainedEarnings": "0", "commonStock": "5477000000", "commonStockSharesOutstanding": "1825675689"}, {"fiscalDateEnding": "2019-09-30", "reportedCurrency": "INR", "totalAssets": "13962925700000", "totalCurrentAssets": "3619792853", "cashAndCashEquivalentsAtCarryingValue": "727055500000", "cashAndShortTermInvestments": "727055500000", "inventory": "0", "currentNetReceivables": "None", "totalNonCurrentAssets": "2574911140", "propertyPlantEquipment": "106968500000", "accumulatedDepreciationAmortizationPPE": "0", "intangibleAssets": "0", "intangibleAssetsExcludingGoodwill": "0", "goodwill": "74937900000", "investments": "None", "longTermInvestments": "3077360200000", "shortTermInvestments": "2871441100000", "otherCurrentAssets": "572222600000", "otherNonCurrentAssets": "None", "totalLiabilities": "12228882200000", "totalCurrentLiabilities": "511630000000", "currentAccountsPayable": "None", "deferredRevenue": "None", "currentDebt": "None", "shortTermDebt": "427236300000", "totalNonCurrentLiabilities": "13496183065", "capitalLeaseObligations": "0", "longTermDebt": "953447300000", "currentLongTermDebt": "427236300000", "longTermDebtNoncurrent": "None", "shortLongTermDebtTotal": "1380683600000", "otherCurrentLiabilities": "-511630000000", "otherNonCurrentLiabilities": "0", "totalShareholderEquity": "1730839000000", "treasuryStock": "0", "retainedEarnings": "607519300000", "commonStock": "5470800000", "commonStockSharesOutstanding": "1839127536"}, {"fiscalDateEnding": "2019-06-30", "reportedCurrency": "INR", "totalAssets": "13280073600000", "totalCurrentAssets": "6116508982", "cashAndCashEquivalentsAtCarryingValue": "855413900000", "cashAndShortTermInvestments": "855413900000", "inventory": "0", "currentNetReceivables": "None", "totalNonCurrentAssets": "629530527", "propertyPlantEquipment": "42125700000", "accumulatedDepreciationAmortizationPPE": "0", "intangibleAssets": "0", "intangibleAssetsExcludingGoodwill": "0", "goodwill": "74937900000", "investments": "None", "longTermInvestments": "2985032400000", "shortTermInvestments": "2633348400000", "otherCurrentAssets": "0", "otherNonCurrentAssets": "None", "totalLiabilities": "11644449000000", "totalCurrentLiabilities": "654058000000", "currentAccountsPayable": "None", "deferredRevenue": "None", "currentDebt": "None", "shortTermDebt": "654058000000", "totalNonCurrentLiabilities": "20222318459", "capitalLeaseObligations": "0", "longTermDebt": "1008941200000", "currentLongTermDebt": "0", "longTermDebtNoncurrent": "None", "shortLongTermDebtTotal": "1698611000000", "otherCurrentLiabilities": "-237989400000", "otherNonCurrentLiabilities": "0", "totalShareholderEquity": "1632575300000", "treasuryStock": "0", "retainedEarnings": "587235200000", "commonStock": "5446600000", "commonStockSharesOutstanding": "1833370717"}, {"fiscalDateEnding": "2019-03-31", "reportedCurrency": "INR", "totalAssets": "13280073600000", "totalCurrentAssets": "6116508982", "cashAndCashEquivalentsAtCarryingValue": "855413900000", "cashAndShortTermInvestments": "855413900000", "inventory": "0", "currentNetReceivables": "None", "totalNonCurrentAssets": "629530527", "propertyPlantEquipment": "0", "accumulatedDepreciationAmortizationPPE": "0", "intangibleAssets": "0", "intangibleAssetsExcludingGoodwill": "0", "goodwill": "74937900000", "investments": "None", "longTermInvestments": "2898864500000", "shortTermInvestments": "2633348400000", "otherCurrentAssets": "0", "otherNonCurrentAssets": "None", "totalLiabilities": "11644449000000", "totalCurrentLiabilities": "654058000000", "currentAccountsPayable": "None", "deferredRevenue": "None", "currentDebt": "None", "shortTermDebt": "654058000000", "totalNonCurrentLiabilities": "20222318459", "capitalLeaseObligations": "0", "longTermDebt": "1044553000000", "currentLongTermDebt": "654058000000", "longTermDebtNoncurrent": "None", "shortLongTermDebtTotal": "1698611000000", "otherCurrentLiabilities": "-237989400000", "otherNonCurrentLiabilities": "0", "totalShareholderEquity": "1632575300000", "treasuryStock": "0", "retainedEarnings": "587235200000", "commonStock": "5446600000", "commonStockSharesOutstanding": "1833370717"}, {"fiscalDateEnding": "2018-12-31", "reportedCurrency": "INR", "totalAssets": "0.02", "totalCurrentAssets": "0", "cashAndCashEquivalentsAtCarryingValue": "0", "cashAndShortTermInvestments": "0", "inventory": "0", "currentNetReceivables": "None", "totalNonCurrentAssets": "0", "propertyPlantEquipment": "606559882.13", "accumulatedDepreciationAmortizationPPE": "0", "intangibleAssets": "0", "intangibleAssetsExcludingGoodwill": "0", "goodwill": "0", "investments": "None", "longTermInvestments": "0.01", "shortTermInvestments": "0", "otherCurrentAssets": "0", "otherNonCurrentAssets": "None", "totalLiabilities": "0.02", "totalCurrentLiabilities": "0.02", "currentAccountsPayable": "None", "deferredRevenue": "None", "currentDebt": "None", "shortTermDebt": "0", "totalNonCurrentLiabilities": "0", "capitalLeaseObligations": "0", "longTermDebt": "0", "currentLongTermDebt": "0", "longTermDebtNoncurrent": "None", "shortLongTermDebtTotal": "None", "otherCurrentLiabilities": "0", "otherNonCurrentLiabilities": "0", "totalShareholderEquity": "0", "treasuryStock": "0", "retainedEarnings": "13329038824.21", "commonStock": "78289679.46", "commonStockSharesOutstanding": "1825441176"}, {"fiscalDateEnding": "2018-09-30", "reportedCurrency": "INR", "totalAssets": "12357250600000", "totalCurrentAssets": "2838294371", "cashAndCashEquivalentsAtCarryingValue": "538491600000", "cashAndShortTermInvestments": "538491600000", "inventory": "0", "currentNetReceivables": "None", "totalNonCurrentAssets": "1597231293.17", "propertyPlantEquipment": "560861158.72", "accumulatedDepreciationAmortizationPPE": "None", "intangibleAssets": "500000", "intangibleAssetsExcludingGoodwill": "500000", "goodwill": "74937900000", "investments": "None", "longTermInvestments": "37762977031.20", "shortTermInvestments": "2753865100000", "otherCurrentAssets": "5832170037.71", "otherNonCurrentAssets": "None", "totalLiabilities": "10895310600000", "totalCurrentLiabilities": "680466700000", "currentAccountsPayable": "None", "deferredRevenue": "None", "currentDebt": "None", "shortTermDebt": "601797500000", "totalNonCurrentLiabilities": "10073305723", "capitalLeaseObligations": "None", "longTermDebt": "10018052793.97", "currentLongTermDebt": "4407295166.27", "longTermDebtNoncurrent": "None", "shortLongTermDebtTotal": "1653766000000", "otherCurrentLiabilities": "-680466700000", "otherNonCurrentLiabilities": "None", "totalShareholderEquity": "1459456400000", "treasuryStock": "0", "retainedEarnings": "521939200000", "commonStock": "5434400000", "commonStockSharesOutstanding": "1810343537"}]}, "income_statement": {"symbol": "HDB", "annualReports": [{"fiscalDateEnding": "2023-03-31", "reportedCurrency": "INR", "grossProfit": "1205375000000", "totalRevenue": "1205375000000", "costOfRevenue": "None", "costofGoodsAndServicesSold": "None", "operatingIncome": "-16021770549", "sellingGeneralAndAdministrative": "400219800000", "researchAndDevelopment": "None", "operatingExpenses": "-6273350220", "investmentIncomeNet": "None", "netInterestIncome": "913988500000", "interestIncome": "1689526700000", "interestExpense": "775538200000", "nonInterestIncome": "None", "otherNonOperatingIncome": "None", "depreciation": "None", "depreciationAndAmortization": "23489700000", "incomeBeforeTax": "662381800000", "incomeTaxExpense": "166117400000", "interestAndDebtExpense": "None", "netIncomeFromContinuingOperations": "496264400000", "comprehensiveIncomeNetOfTax": "None", "ebit": "-16021770549", "ebitda": "7467929451", "netIncome": "495446900000"}, {"fiscalDateEnding": "2022-03-31", "reportedCurrency": "INR", "grossProfit": "983177700000", "totalRevenue": "1019413700000", "costOfRevenue": "36236000000", "costofGoodsAndServicesSold": "36236000000", "operatingIncome": "-10130943028", "sellingGeneralAndAdministrative": "320219100000", "researchAndDevelopment": "None", "operatingExpenses": "-5308241291", "investmentIncomeNet": "None", "netInterestIncome": "748839500000", "interestIncome": "1333137000000", "interestExpense": "584297500000", "nonInterestIncome": "None", "otherNonOperatingIncome": "None", "depreciation": "None", "depreciationAndAmortization": "16816900000", "incomeBeforeTax": "519162200000", "incomeTaxExpense": "132559200000", "interestAndDebtExpense": "None", "netIncomeFromContinuingOperations": "386603000000", "comprehensiveIncomeNetOfTax": "None", "ebit": "-10130943028", "ebitda": "6685956972", "netIncome": "386000400000"}, {"fiscalDateEnding": "2021-03-31", "reportedCurrency": "INR", "grossProfit": "930613700000", "totalRevenue": "966376900000", "costOfRevenue": "35763200000", "costofGoodsAndServicesSold": "35763200000", "operatingIncome": "427725800000", "sellingGeneralAndAdministrative": "136766700000", "researchAndDevelopment": "None", "operatingExpenses": "-538651100000", "investmentIncomeNet": "None", "netInterestIncome": "693048100000", "interestIncome": "1285524000000", "interestExpense": "592475900000", "nonInterestIncome": "None", "otherNonOperatingIncome": "None", "depreciation": "None", "depreciationAndAmortization": "13850100000", "incomeBeforeTax": "427961400000", "incomeTaxExpense": "109393700000", "interestAndDebtExpense": "None", "netIncomeFromContinuingOperations": "318567700000", "comprehensiveIncomeNetOfTax": "None", "ebit": "427725800000", "ebitda": "441575900000", "netIncome": "318332100000"}, {"fiscalDateEnding": "2020-03-31", "reportedCurrency": "INR", "grossProfit": "762936800000", "totalRevenue": "794470700000", "costOfRevenue": "31533900000", "costofGoodsAndServicesSold": "31533900000", "operatingIncome": "366071600000", "sellingGeneralAndAdministrative": "95256700000", "researchAndDevelopment": "0", "operatingExpenses": "-428399100000", "investmentIncomeNet": "None", "netInterestIncome": "593527400000", "interestIncome": "1211982900000", "interestExpense": "586264000000", "nonInterestIncome": "None", "otherNonOperatingIncome": "0", "depreciation": "None", "depreciationAndAmortization": "12800300000", "incomeBeforeTax": "366071600000", "incomeTaxExpense": "103498400000", "interestAndDebtExpense": "None", "netIncomeFromContinuingOperations": "260364000000", "comprehensiveIncomeNetOfTax": "None", "ebit": "366071600000", "ebitda": "378871900000", "netIncome": "262573200000"}, {"fiscalDateEnding": "2019-03-31", "reportedCurrency": "INR", "grossProfit": "8936223543", "totalRevenue": "667627800000", "costOfRevenue": "658691576457", "costofGoodsAndServicesSold": "658691576457", "operatingIncome": "4929026714", "sellingGeneralAndAdministrative": "213613000000", "researchAndDevelopment": "0", "operatingExpenses": "-3990887007", "investmentIncomeNet": "None", "netInterestIncome": "507505600000", "interestIncome": "1041714900000", "interestExpense": "534209300000", "nonInterestIncome": "None", "otherNonOperatingIncome": "0", "depreciation": "None", "depreciationAndAmortization": "12248800000", "incomeBeforeTax": "339959000000", "incomeTaxExpense": "119393500000", "interestAndDebtExpense": "None", "netIncomeFromContinuingOperations": "220565500000", "comprehensiveIncomeNetOfTax": "None", "ebit": "-7319773286", "ebitda": "4929026714", "netIncome": "220103800000"}], "quarterlyReports": [{"fiscalDateEnding": "2023-09-30", "reportedCurrency": "USD", "grossProfit": "None", "totalRevenue": "None", "costOfRevenue": "None", "costofGoodsAndServicesSold": "None", "operatingIncome": "None", "sellingGeneralAndAdministrative": "None", "researchAndDevelopment": "None", "operatingExpenses": "None", "investmentIncomeNet": "None", "netInterestIncome": "None", "interestIncome": "None", "interestExpense": "None", "nonInterestIncome": "None", "otherNonOperatingIncome": "None", "depreciation": "None", "depreciationAndAmortization": "None", "incomeBeforeTax": "209673800000", "incomeTaxExpense": "None", "interestAndDebtExpense": "None", "netIncomeFromContinuingOperations": "None", "comprehensiveIncomeNetOfTax": "None", "ebit": "None", "ebitda": "None", "netIncome": "168114100000"}, {"fiscalDateEnding": "2023-06-30", "reportedCurrency": "INR", "grossProfit": "350665300000", "totalRevenue": "350665300000", "costOfRevenue": "None", "costofGoodsAndServicesSold": "None", "operatingIncome": "424857400000", "sellingGeneralAndAdministrative": "59511600000", "researchAndDevelopment": "None", "operatingExpenses": "74192100000", "investmentIncomeNet": "None", "netInterestIncome": "252133800000", "interestIncome": "511681400000", "interestExpense": "259547600000", "nonInterestIncome": "None", "otherNonOperatingIncome": "None", "depreciation": "None", "depreciationAndAmortization": "328700000", "incomeBeforeTax": "165967200000", "incomeTaxExpense": "41934700000", "interestAndDebtExpense": "None", "netIncomeFromContinuingOperations": "124032500000", "comprehensiveIncomeNetOfTax": "None", "ebit": "424857400000", "ebitda": "425186100000", "netIncome": "123703800000"}, {"fiscalDateEnding": "2023-03-31", "reportedCurrency": "INR", "grossProfit": "3819216767", "totalRevenue": "3819216774", "costOfRevenue": "7", "costofGoodsAndServicesSold": "7", "operatingIncome": "-10", "sellingGeneralAndAdministrative": "59511600000", "researchAndDevelopment": "None", "operatingExpenses": "-1776209723", "investmentIncomeNet": "None", "netInterestIncome": "None", "interestIncome": "None", "interestExpense": "2038193738", "nonInterestIncome": "None", "otherNonOperatingIncome": "None", "depreciation": "None", "depreciationAndAmortization": "2038193738", "incomeBeforeTax": "2043007050", "incomeTaxExpense": "505031225", "interestAndDebtExpense": "None", "netIncomeFromContinuingOperations": "None", "comprehensiveIncomeNetOfTax": "None", "ebit": "-10", "ebitda": "2038193728", "netIncome": "1537975825"}, {"fiscalDateEnding": "2022-12-31", "reportedCurrency": "INR", "grossProfit": "3672723420", "totalRevenue": "3672723420", "costOfRevenue": "None", "costofGoodsAndServicesSold": "None", "operatingIncome": "2043371902", "sellingGeneralAndAdministrative": "None", "researchAndDevelopment": "None", "operatingExpenses": "-1624864267", "investmentIncomeNet": "None", "netInterestIncome": "None", "interestIncome": "None", "interestExpense": "4487250", "nonInterestIncome": "None", "otherNonOperatingIncome": "None", "depreciation": "None", "depreciationAndAmortization": "None", "incomeBeforeTax": "2047859152", "incomeTaxExpense": "507922515", "interestAndDebtExpense": "None", "netIncomeFromContinuingOperations": "None", "comprehensiveIncomeNetOfTax": "None", "ebit": "None", "ebitda": "2043371902", "netIncome": "1539936637"}, {"fiscalDateEnding": "2022-09-30", "reportedCurrency": "INR", "grossProfit": "3322907986", "totalRevenue": "281658600000", "costOfRevenue": "278335692014", "costofGoodsAndServicesSold": "278335692014", "operatingIncome": "353350500000", "sellingGeneralAndAdministrative": "135158800000", "researchAndDevelopment": "None", "operatingExpenses": "-1489424895", "investmentIncomeNet": "None", "netInterestIncome": "219446600000", "interestIncome": "401346700000", "interestExpense": "181900100000", "nonInterestIncome": "None", "otherNonOperatingIncome": "None", "depreciation": "None", "depreciationAndAmortization": "-351521599271", "incomeBeforeTax": "171472900000", "incomeTaxExpense": "44437400000", "interestAndDebtExpense": "None", "netIncomeFromContinuingOperations": "127035500000", "comprehensiveIncomeNetOfTax": "None", "ebit": "353350500000", "ebitda": "1828900729", "netIncome": "127013000000"}, {"fiscalDateEnding": "2022-06-30", "reportedCurrency": "INR", "grossProfit": "3252877476", "totalRevenue": "3252877476", "costOfRevenue": "275378848002", "costofGoodsAndServicesSold": "275378848002", "operatingIncome": "1798446464", "sellingGeneralAndAdministrative": "195056561", "researchAndDevelopment": "None", "operatingExpenses": "-1450233132", "investmentIncomeNet": "None", "netInterestIncome": "209155500000", "interestIncome": "372738100000", "interestExpense": "4197880", "nonInterestIncome": "None", "otherNonOperatingIncome": "None", "depreciation": "None", "depreciationAndAmortization": "-289820918616", "incomeBeforeTax": "1802644344", "incomeTaxExpense": "423336681", "interestAndDebtExpense": "None", "netIncomeFromContinuingOperations": "96166700000", "comprehensiveIncomeNetOfTax": "None", "ebit": "291440000000", "ebitda": "1798446464", "netIncome": "1379307663"}, {"fiscalDateEnding": "2022-03-31", "reportedCurrency": "INR", "grossProfit": "3252877476", "totalRevenue": "3252877476", "costOfRevenue": "None", "costofGoodsAndServicesSold": "None", "operatingIncome": "1798446464", "sellingGeneralAndAdministrative": "195056561", "researchAndDevelopment": "None", "operatingExpenses": "-1450233132", "investmentIncomeNet": "None", "netInterestIncome": "None", "interestIncome": "None", "interestExpense": "4197880", "nonInterestIncome": "None", "otherNonOperatingIncome": "None", "depreciation": "None", "depreciationAndAmortization": "None", "incomeBeforeTax": "1802644344", "incomeTaxExpense": "423336681", "interestAndDebtExpense": "None", "netIncomeFromContinuingOperations": "None", "comprehensiveIncomeNetOfTax": "None", "ebit": "None", "ebitda": "1798446464", "netIncome": "1379307663"}, {"fiscalDateEnding": "2021-12-31", "reportedCurrency": "INR", "grossProfit": "3332148574", "totalRevenue": "3332148574", "costOfRevenue": "None", "costofGoodsAndServicesSold": "None", "operatingIncome": "1905154474", "sellingGeneralAndAdministrative": "None", "researchAndDevelopment": "None", "operatingExpenses": "-1423731108", "investmentIncomeNet": "None", "netInterestIncome": "None", "interestIncome": "None", "interestExpense": "None", "nonInterestIncome": "None", "otherNonOperatingIncome": "None", "depreciation": "None", "depreciationAndAmortization": "None", "incomeBeforeTax": "1908417465", "incomeTaxExpense": "483523975", "interestAndDebtExpense": "None", "netIncomeFromContinuingOperations": "None", "comprehensiveIncomeNetOfTax": "None", "ebit": "None", "ebitda": "1905154474", "netIncome": "1421630499"}, {"fiscalDateEnding": "2021-09-30", "reportedCurrency": "INR", "grossProfit": "270210800000", "totalRevenue": "270210800000", "costOfRevenue": "None", "costofGoodsAndServicesSold": "None", "operatingIncome": "1980968705", "sellingGeneralAndAdministrative": "39314300000", "researchAndDevelopment": "None", "operatingExpenses": "-1219171607", "investmentIncomeNet": "None", "netInterestIncome": "191051600000", "interestIncome": "335204400000", "interestExpense": "144152800000", "nonInterestIncome": "None", "otherNonOperatingIncome": "None", "depreciation": "None", "depreciationAndAmortization": "None", "incomeBeforeTax": "123235000000", "incomeTaxExpense": "32035400000", "interestAndDebtExpense": "None", "netIncomeFromContinuingOperations": "91199600000", "comprehensiveIncomeNetOfTax": "None", "ebit": "None", "ebitda": "1980968705", "netIncome": "90961900000"}, {"fiscalDateEnding": "2021-06-30", "reportedCurrency": "INR", "grossProfit": "268262500000", "totalRevenue": "268262500000", "costOfRevenue": "None", "costofGoodsAndServicesSold": "None", "operatingIncome": "1537247750", "sellingGeneralAndAdministrative": "35705400000", "researchAndDevelopment": "None", "operatingExpenses": "-1339577826", "investmentIncomeNet": "None", "netInterestIncome": "180352600000", "interestIncome": "322537600000", "interestExpense": "140832400000", "nonInterestIncome": "None", "otherNonOperatingIncome": "None", "depreciation": "None", "depreciationAndAmortization": "None", "incomeBeforeTax": "112657300000", "incomeTaxExpense": "28214000000", "interestAndDebtExpense": "None", "netIncomeFromContinuingOperations": "79402800000", "comprehensiveIncomeNetOfTax": "None", "ebit": "None", "ebitda": "1537247750", "netIncome": "84337800000"}, {"fiscalDateEnding": "2021-03-31", "reportedCurrency": "INR", "grossProfit": "268262500000", "totalRevenue": "268262500000", "costOfRevenue": "None", "costofGoodsAndServicesSold": "None", "operatingIncome": "1537247750", "sellingGeneralAndAdministrative": "35705400000", "researchAndDevelopment": "None", "operatingExpenses": "-1339577826", "investmentIncomeNet": "None", "netInterestIncome": "185236800000", "interestIncome": "326069200000", "interestExpense": "140832400000", "nonInterestIncome": "None", "otherNonOperatingIncome": "None", "depreciation": "None", "depreciationAndAmortization": "None", "incomeBeforeTax": "112657300000", "incomeTaxExpense": "28214000000", "interestAndDebtExpense": "None", "netIncomeFromContinuingOperations": "84443300000", "comprehensiveIncomeNetOfTax": "None", "ebit": "108390700000", "ebitda": "1537247750", "netIncome": "84337800000"}, {"fiscalDateEnding": "2020-12-31", "reportedCurrency": "INR", "grossProfit": "253160500000", "totalRevenue": "253160500000", "costOfRevenue": "None", "costofGoodsAndServicesSold": "None", "operatingIncome": "1617984822", "sellingGeneralAndAdministrative": "34562800000", "researchAndDevelopment": "None", "operatingExpenses": "-1256331409", "investmentIncomeNet": "None", "netInterestIncome": "173289200000", "interestIncome": "318516000000", "interestExpense": "145226800000", "nonInterestIncome": "None", "otherNonOperatingIncome": "None", "depreciation": "None", "depreciationAndAmortization": "None", "incomeBeforeTax": "118132000000", "incomeTaxExpense": "30530100000", "interestAndDebtExpense": "None", "netIncomeFromContinuingOperations": "87601900000", "comprehensiveIncomeNetOfTax": "None", "ebit": "118132000000", "ebitda": "1617984822", "netIncome": "87693300000"}, {"fiscalDateEnding": "2020-09-30", "reportedCurrency": "INR", "grossProfit": "234052900000", "totalRevenue": "234052900000", "costOfRevenue": "None", "costofGoodsAndServicesSold": "None", "operatingIncome": "1820072040", "sellingGeneralAndAdministrative": "33488500000", "researchAndDevelopment": "None", "operatingExpenses": "-1083441465", "investmentIncomeNet": "None", "netInterestIncome": "157763900000", "interestIncome": "299769700000", "interestExpense": "150331800000", "nonInterestIncome": "None", "otherNonOperatingIncome": "None", "depreciation": "None", "depreciationAndAmortization": "3200075000", "incomeBeforeTax": "103777000000", "incomeTaxExpense": "26663300000", "interestAndDebtExpense": "None", "netIncomeFromContinuingOperations": "75131100000", "comprehensiveIncomeNetOfTax": "None", "ebit": "251434600000", "ebitda": "1820072040", "netIncome": "77028600000"}, {"fiscalDateEnding": "2020-06-30", "reportedCurrency": "INR", "grossProfit": "212366300000", "totalRevenue": "212366300000", "costOfRevenue": "None", "costofGoodsAndServicesSold": "None", "operatingIncome": "1281283298", "sellingGeneralAndAdministrative": "24982600000", "researchAndDevelopment": "None", "operatingExpenses": "-1174553651", "investmentIncomeNet": "None", "netInterestIncome": "167431200000", "interestIncome": "323516100000", "interestExpense": "146810000000", "nonInterestIncome": "None", "otherNonOperatingIncome": "None", "depreciation": "None", "depreciationAndAmortization": "3200075000", "incomeBeforeTax": "91743300000", "incomeTaxExpense": "22466400000", "interestAndDebtExpense": "None", "netIncomeFromContinuingOperations": "69408800000", "comprehensiveIncomeNetOfTax": "None", "ebit": "93395100000", "ebitda": "1281283298", "netIncome": "69276900000"}, {"fiscalDateEnding": "2020-03-31", "reportedCurrency": "INR", "grossProfit": "212366300000", "totalRevenue": "212366300000", "costOfRevenue": "0", "costofGoodsAndServicesSold": "0", "operatingIncome": "1281283298", "sellingGeneralAndAdministrative": "24982600000", "researchAndDevelopment": "0", "operatingExpenses": "-1174553651", "investmentIncomeNet": "None", "netInterestIncome": "162664800000", "interestIncome": "317950500000", "interestExpense": "146810000000", "nonInterestIncome": "None", "otherNonOperatingIncome": "0", "depreciation": "None", "depreciationAndAmortization": "3200075000", "incomeBeforeTax": "91743300000", "incomeTaxExpense": "22466400000", "interestAndDebtExpense": "None", "netIncomeFromContinuingOperations": "72967100000", "comprehensiveIncomeNetOfTax": "None", "ebit": "96818600000", "ebitda": "1281283298", "netIncome": "69276900000"}, {"fiscalDateEnding": "2019-12-31", "reportedCurrency": "INR", "grossProfit": "208421800000", "totalRevenue": "208421800000", "costOfRevenue": "0", "costofGoodsAndServicesSold": "0", "operatingIncome": "1438835722", "sellingGeneralAndAdministrative": "24549600000", "researchAndDevelopment": "0", "operatingExpenses": "-1196871277", "investmentIncomeNet": "None", "netInterestIncome": "141729000000", "interestIncome": "293697200000", "interestExpense": "151968200000", "nonInterestIncome": "None", "otherNonOperatingIncome": "0", "depreciation": "None", "depreciationAndAmortization": "None", "incomeBeforeTax": "99018500000", "incomeTaxExpense": "24853700000", "interestAndDebtExpense": "None", "netIncomeFromContinuingOperations": "74164800000", "comprehensiveIncomeNetOfTax": "None", "ebit": "99018500000", "ebitda": "1438835722", "netIncome": "74164800000"}, {"fiscalDateEnding": "2019-09-30", "reportedCurrency": "INR", "grossProfit": "191037600000", "totalRevenue": "191037600000", "costOfRevenue": "0", "costofGoodsAndServicesSold": "0", "operatingIncome": "1196293616", "sellingGeneralAndAdministrative": "23550700000", "researchAndDevelopment": "0", "operatingExpenses": "-992963478", "investmentIncomeNet": "None", "netInterestIncome": "135150400000", "interestIncome": "281662800000", "interestExpense": "146512400000", "nonInterestIncome": "None", "otherNonOperatingIncome": "0", "depreciation": "None", "depreciationAndAmortization": "None", "incomeBeforeTax": "89974000000", "incomeTaxExpense": "26524100000", "interestAndDebtExpense": "None", "netIncomeFromContinuingOperations": "63449900000", "comprehensiveIncomeNetOfTax": "None", "ebit": "89974000000", "ebitda": "1196293616", "netIncome": "63449900000"}, {"fiscalDateEnding": "2019-06-30", "reportedCurrency": "INR", "grossProfit": "179607000000", "totalRevenue": "179607000000", "costOfRevenue": "0", "costofGoodsAndServicesSold": "0", "operatingIncome": "1379577908", "sellingGeneralAndAdministrative": "20744000000", "researchAndDevelopment": "0", "operatingExpenses": "-1088277310", "investmentIncomeNet": "None", "netInterestIncome": "132942500000", "interestIncome": "273915900000", "interestExpense": "132437600000", "nonInterestIncome": "None", "otherNonOperatingIncome": "0", "depreciation": "None", "depreciationAndAmortization": "3062200000", "incomeBeforeTax": "89543800000", "incomeTaxExpense": "30692600000", "interestAndDebtExpense": "None", "netIncomeFromContinuingOperations": "55681600000", "comprehensiveIncomeNetOfTax": "None", "ebit": "85335800000", "ebitda": "1379577908", "netIncome": "58851200000"}, {"fiscalDateEnding": "2019-03-31", "reportedCurrency": "INR", "grossProfit": "179607000000", "totalRevenue": "179607000000", "costOfRevenue": "0", "costofGoodsAndServicesSold": "0", "operatingIncome": "1379577908", "sellingGeneralAndAdministrative": "20744000000", "researchAndDevelopment": "0", "operatingExpenses": "-1088277310", "investmentIncomeNet": "None", "netInterestIncome": "130894900000", "interestIncome": "263332500000", "interestExpense": "132437600000", "nonInterestIncome": "None", "otherNonOperatingIncome": "0", "depreciation": "None", "depreciationAndAmortization": "3062200000", "incomeBeforeTax": "89543800000", "incomeTaxExpense": "30692600000", "interestAndDebtExpense": "None", "netIncomeFromContinuingOperations": "58851200000", "comprehensiveIncomeNetOfTax": "None", "ebit": "89543800000", "ebitda": "1379577908", "netIncome": "58851200000"}, {"fiscalDateEnding": "2018-12-31", "reportedCurrency": "INR", "grossProfit": "174977600000", "totalRevenue": "174977600000", "costOfRevenue": "0", "costofGoodsAndServicesSold": "0", "operatingIncome": "1301997558", "sellingGeneralAndAdministrative": "19676400000", "researchAndDevelopment": "0", "operatingExpenses": "-1026663794", "investmentIncomeNet": "None", "netInterestIncome": "None", "interestIncome": "None", "interestExpense": "133135100000", "nonInterestIncome": "None", "otherNonOperatingIncome": "0", "depreciation": "None", "depreciationAndAmortization": "None", "incomeBeforeTax": "85668900000", "incomeTaxExpense": "29810400000", "interestAndDebtExpense": "None", "netIncomeFromContinuingOperations": "0", "comprehensiveIncomeNetOfTax": "None", "ebit": "85668900000", "ebitda": "1301997558", "netIncome": "55858500000"}, {"fiscalDateEnding": "2018-09-30", "reportedCurrency": "INR", "grossProfit": "169492500000", "totalRevenue": "169492500000", "costOfRevenue": "0", "costofGoodsAndServicesSold": "0", "operatingIncome": "1116889344", "sellingGeneralAndAdministrative": "25620600000", "researchAndDevelopment": "0", "operatingExpenses": "-752830056", "investmentIncomeNet": "None", "netInterestIncome": "None", "interestIncome": "None", "interestExpense": "131752400000", "nonInterestIncome": "None", "otherNonOperatingIncome": "None", "depreciation": "None", "depreciationAndAmortization": "None", "incomeBeforeTax": "82579900000", "incomeTaxExpense": "28408900000", "interestAndDebtExpense": "None", "netIncomeFromContinuingOperations": "690990743.91", "comprehensiveIncomeNetOfTax": "None", "ebit": "82579900000", "ebitda": "1116889344", "netIncome": "54171000000"}]}, "cash_flow": {"symbol": "HDB", "annualReports": [{"fiscalDateEnding": "2023-03-31", "reportedCurrency": "INR", "operatingCashflow": "477200600000", "paymentsForOperatingActivities": "None", "proceedsFromOperatingActivities": "None", "changeInOperatingLiabilities": "None", "changeInOperatingAssets": "None", "depreciationDepletionAndAmortization": "23489700000", "capitalExpenditures": "43620300000", "changeInReceivables": "None", "changeInInventory": "-47069600000", "profitLoss": "None", "cashflowFromInvestment": "-34238900000", "cashflowFromFinancing": "4173910400000", "proceedsFromRepaymentsOfShortTermDebt": "None", "paymentsForRepurchaseOfCommonStock": "None", "paymentsForRepurchaseOfEquity": "None", "paymentsForRepurchaseOfPreferredStock": "None", "dividendPayout": "86394300000", "dividendPayoutCommonStock": "86394300000", "dividendPayoutPreferredStock": "None", "proceedsFromIssuanceOfCommonStock": "None", "proceedsFromIssuanceOfLongTermDebtAndCapitalSecuritiesNet": "None", "proceedsFromIssuanceOfPreferredStock": "None", "proceedsFromRepurchaseOfEquity": "34158300000", "proceedsFromSaleOfTreasuryStock": "None", "changeInCashAndCashEquivalents": "None", "changeInExchangeRate": "None", "netIncome": "496264400000"}, {"fiscalDateEnding": "2022-03-31", "reportedCurrency": "INR", "operatingCashflow": "581018200000", "paymentsForOperatingActivities": "None", "proceedsFromOperatingActivities": "None", "changeInOperatingLiabilities": "None", "changeInOperatingAssets": "None", "depreciationDepletionAndAmortization": "16816900000", "capitalExpenditures": "26324400000", "changeInReceivables": "None", "changeInInventory": "21284600000", "profitLoss": "None", "cashflowFromInvestment": "-22163300000", "cashflowFromFinancing": "2912107500000", "proceedsFromRepaymentsOfShortTermDebt": "None", "paymentsForRepurchaseOfCommonStock": "None", "paymentsForRepurchaseOfEquity": "None", "paymentsForRepurchaseOfPreferredStock": "None", "dividendPayout": "36239200000", "dividendPayoutCommonStock": "36239200000", "dividendPayoutPreferredStock": "None", "proceedsFromIssuanceOfCommonStock": "None", "proceedsFromIssuanceOfLongTermDebtAndCapitalSecuritiesNet": "None", "proceedsFromIssuanceOfPreferredStock": "None", "proceedsFromRepurchaseOfEquity": "26097300000", "proceedsFromSaleOfTreasuryStock": "None", "changeInCashAndCashEquivalents": "None", "changeInExchangeRate": "None", "netIncome": "386603000000"}, {"fiscalDateEnding": "2021-03-31", "reportedCurrency": "INR", "operatingCashflow": "424764600000", "paymentsForOperatingActivities": "None", "proceedsFromOperatingActivities": "None", "changeInOperatingLiabilities": "None", "changeInOperatingAssets": "None", "depreciationDepletionAndAmortization": "13850100000", "capitalExpenditures": "16961500000", "changeInReceivables": "None", "changeInInventory": "-1456900900000", "profitLoss": "None", "cashflowFromInvestment": "-16808700000", "cashflowFromFinancing": "-73213500000", "proceedsFromRepaymentsOfShortTermDebt": "None", "paymentsForRepurchaseOfCommonStock": "None", "paymentsForRepurchaseOfEquity": "None", "paymentsForRepurchaseOfPreferredStock": "None", "dividendPayout": "166600000", "dividendPayoutCommonStock": "166600000", "dividendPayoutPreferredStock": "None", "proceedsFromIssuanceOfCommonStock": "None", "proceedsFromIssuanceOfLongTermDebtAndCapitalSecuritiesNet": "None", "proceedsFromIssuanceOfPreferredStock": "None", "proceedsFromRepurchaseOfEquity": "166600000", "proceedsFromSaleOfTreasuryStock": "None", "changeInCashAndCashEquivalents": "None", "changeInExchangeRate": "None", "netIncome": "427725800000"}, {"fiscalDateEnding": "2020-03-31", "reportedCurrency": "INR", "operatingCashflow": "-168690900000", "paymentsForOperatingActivities": "None", "proceedsFromOperatingActivities": "None", "changeInOperatingLiabilities": "None", "changeInOperatingAssets": "None", "depreciationDepletionAndAmortization": "12800300000", "capitalExpenditures": "16358700000", "changeInReceivables": "0", "changeInInventory": "-1824713600000", "profitLoss": "None", "cashflowFromInvestment": "-16169244000", "cashflowFromFinancing": "243944800000", "proceedsFromRepaymentsOfShortTermDebt": "None", "paymentsForRepurchaseOfCommonStock": "None", "paymentsForRepurchaseOfEquity": "None", "paymentsForRepurchaseOfPreferredStock": "None", "dividendPayout": "66305900000", "dividendPayoutCommonStock": "66305900000", "dividendPayoutPreferredStock": "None", "proceedsFromIssuanceOfCommonStock": "None", "proceedsFromIssuanceOfLongTermDebtAndCapitalSecuritiesNet": "None", "proceedsFromIssuanceOfPreferredStock": "None", "proceedsFromRepurchaseOfEquity": "18486800000", "proceedsFromSaleOfTreasuryStock": "None", "changeInCashAndCashEquivalents": "0", "changeInExchangeRate": "0", "netIncome": "381525500000"}, {"fiscalDateEnding": "2019-03-31", "reportedCurrency": "INR", "operatingCashflow": "183272200000", "paymentsForOperatingActivities": "None", "proceedsFromOperatingActivities": "None", "changeInOperatingLiabilities": "None", "changeInOperatingAssets": "None", "depreciationDepletionAndAmortization": "12248800000", "capitalExpenditures": "16355000000", "changeInReceivables": "0", "changeInInventory": "-28426800000", "profitLoss": "None", "cashflowFromInvestment": "-15984087000", "cashflowFromFinancing": "1517501700000", "proceedsFromRepaymentsOfShortTermDebt": "None", "paymentsForRepurchaseOfCommonStock": "None", "paymentsForRepurchaseOfEquity": "None", "paymentsForRepurchaseOfPreferredStock": "None", "dividendPayout": "41015200000", "dividendPayoutCommonStock": "41015200000", "dividendPayoutPreferredStock": "None", "proceedsFromIssuanceOfCommonStock": "None", "proceedsFromIssuanceOfLongTermDebtAndCapitalSecuritiesNet": "None", "proceedsFromIssuanceOfPreferredStock": "None", "proceedsFromRepurchaseOfEquity": "257904400000", "proceedsFromSaleOfTreasuryStock": "None", "changeInCashAndCashEquivalents": "0", "changeInExchangeRate": "0", "netIncome": "220565500000"}], "quarterlyReports": [{"fiscalDateEnding": "2023-09-30", "reportedCurrency": "USD", "operatingCashflow": "-344191600000", "paymentsForOperatingActivities": "None", "proceedsFromOperatingActivities": "None", "changeInOperatingLiabilities": "None", "changeInOperatingAssets": "None", "depreciationDepletionAndAmortization": "15111100000", "capitalExpenditures": "17325000000", "changeInReceivables": "None", "changeInInventory": "None", "profitLoss": "None", "cashflowFromInvestment": "-16819700000", "cashflowFromFinancing": "340110500000", "proceedsFromRepaymentsOfShortTermDebt": "None", "paymentsForRepurchaseOfCommonStock": "None", "paymentsForRepurchaseOfEquity": "None", "paymentsForRepurchaseOfPreferredStock": "None", "dividendPayout": "84044200000", "dividendPayoutCommonStock": "84044200000", "dividendPayoutPreferredStock": "None", "proceedsFromIssuanceOfCommonStock": "None", "proceedsFromIssuanceOfLongTermDebtAndCapitalSecuritiesNet": "None", "proceedsFromIssuanceOfPreferredStock": "None", "proceedsFromRepurchaseOfEquity": "67274500000", "proceedsFromSaleOfTreasuryStock": "None", "changeInCashAndCashEquivalents": "None", "changeInExchangeRate": "None", "netIncome": "370302600000"}, {"fiscalDateEnding": "2023-06-30", "reportedCurrency": "INR", "operatingCashflow": "None", "paymentsForOperatingActivities": "None", "proceedsFromOperatingActivities": "None", "changeInOperatingLiabilities": "None", "changeInOperatingAssets": "None", "depreciationDepletionAndAmortization": "None", "capitalExpenditures": "0", "changeInReceivables": "None", "changeInInventory": "None", "profitLoss": "None", "cashflowFromInvestment": "None", "cashflowFromFinancing": "None", "proceedsFromRepaymentsOfShortTermDebt": "None", "paymentsForRepurchaseOfCommonStock": "None", "paymentsForRepurchaseOfEquity": "None", "paymentsForRepurchaseOfPreferredStock": "None", "dividendPayout": "None", "dividendPayoutCommonStock": "None", "dividendPayoutPreferredStock": "None", "proceedsFromIssuanceOfCommonStock": "None", "proceedsFromIssuanceOfLongTermDebtAndCapitalSecuritiesNet": "None", "proceedsFromIssuanceOfPreferredStock": "None", "proceedsFromRepurchaseOfEquity": "None", "proceedsFromSaleOfTreasuryStock": "None", "changeInCashAndCashEquivalents": "None", "changeInExchangeRate": "None", "netIncome": "123703800000"}, {"fiscalDateEnding": "2023-03-31", "reportedCurrency": "INR", "operatingCashflow": "208137000000", "paymentsForOperatingActivities": "None", "proceedsFromOperatingActivities": "None", "changeInOperatingLiabilities": "None", "changeInOperatingAssets": "None", "depreciationDepletionAndAmortization": "23454700000", "capitalExpenditures": "34665700000", "changeInReceivables": "None", "changeInInventory": "None", "profitLoss": "None", "cashflowFromInvestment": "-34238900000", "cashflowFromFinancing": "239405600000", "proceedsFromRepaymentsOfShortTermDebt": "None", "paymentsForRepurchaseOfCommonStock": "None", "paymentsForRepurchaseOfEquity": "None", "paymentsForRepurchaseOfPreferredStock": "None", "dividendPayout": "86045200000", "dividendPayoutCommonStock": "86045200000", "dividendPayoutPreferredStock": "None", "proceedsFromIssuanceOfCommonStock": "None", "proceedsFromIssuanceOfLongTermDebtAndCapitalSecuritiesNet": "None", "proceedsFromIssuanceOfPreferredStock": "None", "proceedsFromRepurchaseOfEquity": "34158300000", "proceedsFromSaleOfTreasuryStock": "None", "changeInCashAndCashEquivalents": "None", "changeInExchangeRate": "None", "netIncome": "1533162503"}, {"fiscalDateEnding": "2022-12-31", "reportedCurrency": "INR", "operatingCashflow": "None", "paymentsForOperatingActivities": "None", "proceedsFromOperatingActivities": "None", "changeInOperatingLiabilities": "None", "changeInOperatingAssets": "None", "depreciationDepletionAndAmortization": "None", "capitalExpenditures": "0", "changeInReceivables": "None", "changeInInventory": "None", "profitLoss": "None", "cashflowFromInvestment": "None", "cashflowFromFinancing": "None", "proceedsFromRepaymentsOfShortTermDebt": "None", "paymentsForRepurchaseOfCommonStock": "None", "paymentsForRepurchaseOfEquity": "None", "paymentsForRepurchaseOfPreferredStock": "None", "dividendPayout": "None", "dividendPayoutCommonStock": "None", "dividendPayoutPreferredStock": "None", "proceedsFromIssuanceOfCommonStock": "None", "proceedsFromIssuanceOfLongTermDebtAndCapitalSecuritiesNet": "None", "proceedsFromIssuanceOfPreferredStock": "None", "proceedsFromRepurchaseOfEquity": "None", "proceedsFromSaleOfTreasuryStock": "None", "changeInCashAndCashEquivalents": "None", "changeInExchangeRate": "None", "netIncome": "1535449387"}, {"fiscalDateEnding": "2022-09-30", "reportedCurrency": "INR", "operatingCashflow": "-674708900000", "paymentsForOperatingActivities": "None", "proceedsFromOperatingActivities": "None", "changeInOperatingLiabilities": "None", "changeInOperatingAssets": "None", "depreciationDepletionAndAmortization": "11052500000", "capitalExpenditures": "12603100000", "changeInReceivables": "None", "changeInInventory": "None", "profitLoss": "None", "cashflowFromInvestment": "-12454100000", "cashflowFromFinancing": "176780600000", "proceedsFromRepaymentsOfShortTermDebt": "None", "paymentsForRepurchaseOfCommonStock": "None", "paymentsForRepurchaseOfEquity": "None", "paymentsForRepurchaseOfPreferredStock": "None", "dividendPayout": "86045200000", "dividendPayoutCommonStock": "86045200000", "dividendPayoutPreferredStock": "None", "proceedsFromIssuanceOfCommonStock": "None", "proceedsFromIssuanceOfLongTermDebtAndCapitalSecuritiesNet": "None", "proceedsFromIssuanceOfPreferredStock": "None", "proceedsFromRepurchaseOfEquity": "22777100000", "proceedsFromSaleOfTreasuryStock": "None", "changeInCashAndCashEquivalents": "None", "changeInExchangeRate": "None", "netIncome": "1363823139"}, {"fiscalDateEnding": "2022-06-30", "reportedCurrency": "INR", "operatingCashflow": "44933641", "paymentsForOperatingActivities": "None", "proceedsFromOperatingActivities": "None", "changeInOperatingLiabilities": "None", "changeInOperatingAssets": "None", "depreciationDepletionAndAmortization": "None", "capitalExpenditures": "0", "changeInReceivables": "None", "changeInInventory": "None", "profitLoss": "None", "cashflowFromInvestment": "None", "cashflowFromFinancing": "None", "proceedsFromRepaymentsOfShortTermDebt": "None", "paymentsForRepurchaseOfCommonStock": "None", "paymentsForRepurchaseOfEquity": "None", "paymentsForRepurchaseOfPreferredStock": "None", "dividendPayout": "None", "dividendPayoutCommonStock": "None", "dividendPayoutPreferredStock": "None", "proceedsFromIssuanceOfCommonStock": "None", "proceedsFromIssuanceOfLongTermDebtAndCapitalSecuritiesNet": "None", "proceedsFromIssuanceOfPreferredStock": "None", "proceedsFromRepurchaseOfEquity": "None", "proceedsFromSaleOfTreasuryStock": "None", "changeInCashAndCashEquivalents": "None", "changeInExchangeRate": "None", "netIncome": "1213020027"}, {"fiscalDateEnding": "2022-03-31", "reportedCurrency": "INR", "operatingCashflow": "44933641", "paymentsForOperatingActivities": "None", "proceedsFromOperatingActivities": "None", "changeInOperatingLiabilities": "None", "changeInOperatingAssets": "None", "depreciationDepletionAndAmortization": "16816900000", "capitalExpenditures": "26324400000", "changeInReceivables": "None", "changeInInventory": "None", "profitLoss": "None", "cashflowFromInvestment": "-3302279800000", "cashflowFromFinancing": "2912107500000", "proceedsFromRepaymentsOfShortTermDebt": "None", "paymentsForRepurchaseOfCommonStock": "None", "paymentsForRepurchaseOfEquity": "None", "paymentsForRepurchaseOfPreferredStock": "None", "dividendPayout": "36239200000", "dividendPayoutCommonStock": "36239200000", "dividendPayoutPreferredStock": "None", "proceedsFromIssuanceOfCommonStock": "None", "proceedsFromIssuanceOfLongTermDebtAndCapitalSecuritiesNet": "None", "proceedsFromIssuanceOfPreferredStock": "None", "proceedsFromRepurchaseOfEquity": "26097300000", "proceedsFromSaleOfTreasuryStock": "None", "changeInCashAndCashEquivalents": "None", "changeInExchangeRate": "None", "netIncome": "1375109783"}, {"fiscalDateEnding": "2021-12-31", "reportedCurrency": "INR", "operatingCashflow": "None", "paymentsForOperatingActivities": "None", "proceedsFromOperatingActivities": "None", "changeInOperatingLiabilities": "None", "changeInOperatingAssets": "None", "depreciationDepletionAndAmortization": "None", "capitalExpenditures": "0", "changeInReceivables": "None", "changeInInventory": "None", "profitLoss": "None", "cashflowFromInvestment": "None", "cashflowFromFinancing": "None", "proceedsFromRepaymentsOfShortTermDebt": "None", "paymentsForRepurchaseOfCommonStock": "None", "paymentsForRepurchaseOfEquity": "None", "paymentsForRepurchaseOfPreferredStock": "None", "dividendPayout": "None", "dividendPayoutCommonStock": "None", "dividendPayoutPreferredStock": "None", "proceedsFromIssuanceOfCommonStock": "None", "proceedsFromIssuanceOfLongTermDebtAndCapitalSecuritiesNet": "None", "proceedsFromIssuanceOfPreferredStock": "None", "proceedsFromRepurchaseOfEquity": "None", "proceedsFromSaleOfTreasuryStock": "None", "changeInCashAndCashEquivalents": "None", "changeInExchangeRate": "None", "netIncome": "1421630499"}, {"fiscalDateEnding": "2021-09-30", "reportedCurrency": "INR", "operatingCashflow": "100610137", "paymentsForOperatingActivities": "None", "proceedsFromOperatingActivities": "None", "changeInOperatingLiabilities": "None", "changeInOperatingAssets": "None", "depreciationDepletionAndAmortization": "7749000000", "capitalExpenditures": "11129200000", "changeInReceivables": "None", "changeInInventory": "None", "profitLoss": "None", "cashflowFromInvestment": "-1309251900000", "cashflowFromFinancing": "896246100000", "proceedsFromRepaymentsOfShortTermDebt": "None", "paymentsForRepurchaseOfCommonStock": "None", "paymentsForRepurchaseOfEquity": "None", "paymentsForRepurchaseOfPreferredStock": "None", "dividendPayout": "36059600000", "dividendPayoutCommonStock": "36059600000", "dividendPayoutPreferredStock": "None", "proceedsFromIssuanceOfCommonStock": "None", "proceedsFromIssuanceOfLongTermDebtAndCapitalSecuritiesNet": "None", "proceedsFromIssuanceOfPreferredStock": "None", "proceedsFromRepurchaseOfEquity": "18847200000", "proceedsFromSaleOfTreasuryStock": "None", "changeInCashAndCashEquivalents": "None", "changeInExchangeRate": "None", "netIncome": "1428285567"}, {"fiscalDateEnding": "2021-06-30", "reportedCurrency": "INR", "operatingCashflow": "None", "paymentsForOperatingActivities": "None", "proceedsFromOperatingActivities": "None", "changeInOperatingLiabilities": "None", "changeInOperatingAssets": "None", "depreciationDepletionAndAmortization": "None", "capitalExpenditures": "0", "changeInReceivables": "None", "changeInInventory": "None", "profitLoss": "None", "cashflowFromInvestment": "None", "cashflowFromFinancing": "None", "proceedsFromRepaymentsOfShortTermDebt": "None", "paymentsForRepurchaseOfCommonStock": "None", "paymentsForRepurchaseOfEquity": "None", "paymentsForRepurchaseOfPreferredStock": "None", "dividendPayout": "None", "dividendPayoutCommonStock": "None", "dividendPayoutPreferredStock": "None", "proceedsFromIssuanceOfCommonStock": "None", "proceedsFromIssuanceOfLongTermDebtAndCapitalSecuritiesNet": "None", "proceedsFromIssuanceOfPreferredStock": "None", "proceedsFromRepurchaseOfEquity": "None", "proceedsFromSaleOfTreasuryStock": "None", "changeInCashAndCashEquivalents": "None", "changeInExchangeRate": "None", "netIncome": "1151896088"}, {"fiscalDateEnding": "2021-03-31", "reportedCurrency": "INR", "operatingCashflow": "921776200000", "paymentsForOperatingActivities": "None", "proceedsFromOperatingActivities": "None", "changeInOperatingLiabilities": "None", "changeInOperatingAssets": "None", "depreciationDepletionAndAmortization": "13860200000", "capitalExpenditures": "17806500000", "changeInReceivables": "None", "changeInInventory": "None", "profitLoss": "None", "cashflowFromInvestment": "-2521149700000", "cashflowFromFinancing": "1918369400000", "proceedsFromRepaymentsOfShortTermDebt": "None", "paymentsForRepurchaseOfCommonStock": "None", "paymentsForRepurchaseOfEquity": "None", "paymentsForRepurchaseOfPreferredStock": "None", "dividendPayout": "166600000", "dividendPayoutCommonStock": "166600000", "dividendPayoutPreferredStock": "None", "proceedsFromIssuanceOfCommonStock": "None", "proceedsFromIssuanceOfLongTermDebtAndCapitalSecuritiesNet": "None", "proceedsFromIssuanceOfPreferredStock": "None", "proceedsFromRepurchaseOfEquity": "17601000000", "proceedsFromSaleOfTreasuryStock": "None", "changeInCashAndCashEquivalents": "None", "changeInExchangeRate": "None", "netIncome": "1151896088"}, {"fiscalDateEnding": "2020-12-31", "reportedCurrency": "INR", "operatingCashflow": "None", "paymentsForOperatingActivities": "None", "proceedsFromOperatingActivities": "None", "changeInOperatingLiabilities": "None", "changeInOperatingAssets": "None", "depreciationDepletionAndAmortization": "None", "capitalExpenditures": "0", "changeInReceivables": "None", "changeInInventory": "None", "profitLoss": "None", "cashflowFromInvestment": "None", "cashflowFromFinancing": "None", "proceedsFromRepaymentsOfShortTermDebt": "None", "paymentsForRepurchaseOfCommonStock": "None", "paymentsForRepurchaseOfEquity": "None", "paymentsForRepurchaseOfPreferredStock": "None", "dividendPayout": "None", "dividendPayoutCommonStock": "None", "dividendPayoutPreferredStock": "None", "proceedsFromIssuanceOfCommonStock": "None", "proceedsFromIssuanceOfLongTermDebtAndCapitalSecuritiesNet": "None", "proceedsFromIssuanceOfPreferredStock": "None", "proceedsFromRepurchaseOfEquity": "None", "proceedsFromSaleOfTreasuryStock": "None", "changeInCashAndCashEquivalents": "None", "changeInExchangeRate": "None", "netIncome": "1200155201"}, {"fiscalDateEnding": "2020-09-30", "reportedCurrency": "INR", "operatingCashflow": "60875909", "paymentsForOperatingActivities": "None", "proceedsFromOperatingActivities": "None", "changeInOperatingLiabilities": "None", "changeInOperatingAssets": "None", "depreciationDepletionAndAmortization": "3200075000", "capitalExpenditures": "4573575000", "changeInReceivables": "None", "changeInInventory": "None", "profitLoss": "None", "cashflowFromInvestment": "-1321401800000", "cashflowFromFinancing": "721446400000", "proceedsFromRepaymentsOfShortTermDebt": "None", "paymentsForRepurchaseOfCommonStock": "None", "paymentsForRepurchaseOfEquity": "None", "paymentsForRepurchaseOfPreferredStock": "None", "dividendPayout": "16611825000", "dividendPayoutCommonStock": "16611825000", "dividendPayoutPreferredStock": "None", "proceedsFromIssuanceOfCommonStock": "None", "proceedsFromIssuanceOfLongTermDebtAndCapitalSecuritiesNet": "None", "proceedsFromIssuanceOfPreferredStock": "None", "proceedsFromRepurchaseOfEquity": "10590000000", "proceedsFromSaleOfTreasuryStock": "None", "changeInCashAndCashEquivalents": "None", "changeInExchangeRate": "None", "netIncome": "1340634168"}, {"fiscalDateEnding": "2020-06-30", "reportedCurrency": "INR", "operatingCashflow": "42794925000", "paymentsForOperatingActivities": "None", "proceedsFromOperatingActivities": "None", "changeInOperatingLiabilities": "None", "changeInOperatingAssets": "None", "depreciationDepletionAndAmortization": "3200075000", "capitalExpenditures": "4573575000", "changeInReceivables": "None", "changeInInventory": "None", "profitLoss": "None", "cashflowFromInvestment": "None", "cashflowFromFinancing": "None", "proceedsFromRepaymentsOfShortTermDebt": "None", "paymentsForRepurchaseOfCommonStock": "None", "paymentsForRepurchaseOfEquity": "None", "paymentsForRepurchaseOfPreferredStock": "None", "dividendPayout": "16611825000", "dividendPayoutCommonStock": "16611825000", "dividendPayoutPreferredStock": "None", "proceedsFromIssuanceOfCommonStock": "None", "proceedsFromIssuanceOfLongTermDebtAndCapitalSecuritiesNet": "None", "proceedsFromIssuanceOfPreferredStock": "None", "proceedsFromRepurchaseOfEquity": "None", "proceedsFromSaleOfTreasuryStock": "None", "changeInCashAndCashEquivalents": "None", "changeInExchangeRate": "None", "netIncome": "965097179"}, {"fiscalDateEnding": "2020-03-31", "reportedCurrency": "INR", "operatingCashflow": "42794925000", "paymentsForOperatingActivities": "None", "proceedsFromOperatingActivities": "None", "changeInOperatingLiabilities": "None", "changeInOperatingAssets": "None", "depreciationDepletionAndAmortization": "3200075000", "capitalExpenditures": "4573575000", "changeInReceivables": "0", "changeInInventory": "0", "profitLoss": "None", "cashflowFromInvestment": "-2150488400000", "cashflowFromFinancing": "1845786600000", "proceedsFromRepaymentsOfShortTermDebt": "None", "paymentsForRepurchaseOfCommonStock": "None", "paymentsForRepurchaseOfEquity": "None", "paymentsForRepurchaseOfPreferredStock": "None", "dividendPayout": "16611825000", "dividendPayoutCommonStock": "16611825000", "dividendPayoutPreferredStock": "None", "proceedsFromIssuanceOfCommonStock": "None", "proceedsFromIssuanceOfLongTermDebtAndCapitalSecuritiesNet": "None", "proceedsFromIssuanceOfPreferredStock": "None", "proceedsFromRepurchaseOfEquity": "18486800000", "proceedsFromSaleOfTreasuryStock": "None", "changeInCashAndCashEquivalents": "0", "changeInExchangeRate": "0", "netIncome": "965097179"}, {"fiscalDateEnding": "2019-12-31", "reportedCurrency": "INR", "operatingCashflow": "42794925000", "paymentsForOperatingActivities": "None", "proceedsFromOperatingActivities": "None", "changeInOperatingLiabilities": "None", "changeInOperatingAssets": "None", "depreciationDepletionAndAmortization": "3200075000", "capitalExpenditures": "4573575000", "changeInReceivables": "0", "changeInInventory": "0", "profitLoss": "None", "cashflowFromInvestment": "0", "cashflowFromFinancing": "0", "proceedsFromRepaymentsOfShortTermDebt": "None", "paymentsForRepurchaseOfCommonStock": "None", "paymentsForRepurchaseOfEquity": "None", "paymentsForRepurchaseOfPreferredStock": "None", "dividendPayout": "16611825000", "dividendPayoutCommonStock": "16611825000", "dividendPayoutPreferredStock": "None", "proceedsFromIssuanceOfCommonStock": "None", "proceedsFromIssuanceOfLongTermDebtAndCapitalSecuritiesNet": "None", "proceedsFromIssuanceOfPreferredStock": "None", "proceedsFromRepurchaseOfEquity": "0", "proceedsFromSaleOfTreasuryStock": "None", "changeInCashAndCashEquivalents": "0", "changeInExchangeRate": "0", "netIncome": "1075335919"}, {"fiscalDateEnding": "2019-09-30", "reportedCurrency": "INR", "operatingCashflow": "41276397", "paymentsForOperatingActivities": "None", "proceedsFromOperatingActivities": "None", "changeInOperatingLiabilities": "None", "changeInOperatingAssets": "None", "depreciationDepletionAndAmortization": "6570600000", "capitalExpenditures": "8018300000", "changeInReceivables": "0", "changeInInventory": "0", "profitLoss": "None", "cashflowFromInvestment": "-863734100000", "cashflowFromFinancing": "596735700000", "proceedsFromRepaymentsOfShortTermDebt": "None", "paymentsForRepurchaseOfCommonStock": "None", "paymentsForRepurchaseOfEquity": "None", "paymentsForRepurchaseOfPreferredStock": "None", "dividendPayout": "65950200000", "dividendPayoutCommonStock": "65950200000", "dividendPayoutPreferredStock": "None", "proceedsFromIssuanceOfCommonStock": "None", "proceedsFromIssuanceOfLongTermDebtAndCapitalSecuritiesNet": "None", "proceedsFromIssuanceOfPreferredStock": "None", "proceedsFromRepurchaseOfEquity": "11308200000", "proceedsFromSaleOfTreasuryStock": "None", "changeInCashAndCashEquivalents": "0", "changeInExchangeRate": "0", "netIncome": "852332130"}, {"fiscalDateEnding": "2019-06-30", "reportedCurrency": "INR", "operatingCashflow": "45818050000", "paymentsForOperatingActivities": "None", "proceedsFromOperatingActivities": "None", "changeInOperatingLiabilities": "None", "changeInOperatingAssets": "None", "depreciationDepletionAndAmortization": "3062200000", "capitalExpenditures": "4088750000", "changeInReceivables": "0", "changeInInventory": "0", "profitLoss": "None", "cashflowFromInvestment": "0", "cashflowFromFinancing": "0", "proceedsFromRepaymentsOfShortTermDebt": "None", "paymentsForRepurchaseOfCommonStock": "None", "paymentsForRepurchaseOfEquity": "None", "paymentsForRepurchaseOfPreferredStock": "None", "dividendPayout": "10253800000", "dividendPayoutCommonStock": "10253800000", "dividendPayoutPreferredStock": "None", "proceedsFromIssuanceOfCommonStock": "None", "proceedsFromIssuanceOfLongTermDebtAndCapitalSecuritiesNet": "None", "proceedsFromIssuanceOfPreferredStock": "None", "proceedsFromRepurchaseOfEquity": "0", "proceedsFromSaleOfTreasuryStock": "None", "changeInCashAndCashEquivalents": "0", "changeInExchangeRate": "0", "netIncome": "907961798"}, {"fiscalDateEnding": "2019-03-31", "reportedCurrency": "INR", "operatingCashflow": "45818050000", "paymentsForOperatingActivities": "None", "proceedsFromOperatingActivities": "None", "changeInOperatingLiabilities": "None", "changeInOperatingAssets": "None", "depreciationDepletionAndAmortization": "3062200000", "capitalExpenditures": "4088750000", "changeInReceivables": "0", "changeInInventory": "0", "profitLoss": "None", "cashflowFromInvestment": "-1536982800000", "cashflowFromFinancing": "1517501900000", "proceedsFromRepaymentsOfShortTermDebt": "None", "paymentsForRepurchaseOfCommonStock": "None", "paymentsForRepurchaseOfEquity": "None", "paymentsForRepurchaseOfPreferredStock": "None", "dividendPayout": "10253800000", "dividendPayoutCommonStock": "10253800000", "dividendPayoutPreferredStock": "None", "proceedsFromIssuanceOfCommonStock": "None", "proceedsFromIssuanceOfLongTermDebtAndCapitalSecuritiesNet": "None", "proceedsFromIssuanceOfPreferredStock": "None", "proceedsFromRepurchaseOfEquity": "257904400000", "proceedsFromSaleOfTreasuryStock": "None", "changeInCashAndCashEquivalents": "0", "changeInExchangeRate": "0", "netIncome": "907961798"}, {"fiscalDateEnding": "2018-12-31", "reportedCurrency": "INR", "operatingCashflow": "45818050000", "paymentsForOperatingActivities": "None", "proceedsFromOperatingActivities": "None", "changeInOperatingLiabilities": "None", "changeInOperatingAssets": "None", "depreciationDepletionAndAmortization": "3062200000", "capitalExpenditures": "4088750000", "changeInReceivables": "0", "changeInInventory": "0", "profitLoss": "None", "cashflowFromInvestment": "4929420102.06", "cashflowFromFinancing": "0", "proceedsFromRepaymentsOfShortTermDebt": "None", "paymentsForRepurchaseOfCommonStock": "None", "paymentsForRepurchaseOfEquity": "None", "paymentsForRepurchaseOfPreferredStock": "None", "dividendPayout": "10253800000", "dividendPayoutCommonStock": "10253800000", "dividendPayoutPreferredStock": "None", "proceedsFromIssuanceOfCommonStock": "None", "proceedsFromIssuanceOfLongTermDebtAndCapitalSecuritiesNet": "None", "proceedsFromIssuanceOfPreferredStock": "None", "proceedsFromRepurchaseOfEquity": "0", "proceedsFromSaleOfTreasuryStock": "None", "changeInCashAndCashEquivalents": "0", "changeInExchangeRate": "0", "netIncome": "848008911"}, {"fiscalDateEnding": "2018-09-30", "reportedCurrency": "INR", "operatingCashflow": "27942088", "paymentsForOperatingActivities": "None", "proceedsFromOperatingActivities": "None", "changeInOperatingLiabilities": "None", "changeInOperatingAssets": "None", "depreciationDepletionAndAmortization": "37559821.73", "capitalExpenditures": "54314021.25", "changeInReceivables": "None", "changeInInventory": "0", "profitLoss": "None", "cashflowFromInvestment": "-4812229002.40", "cashflowFromFinancing": "3745500171.41", "proceedsFromRepaymentsOfShortTermDebt": "None", "paymentsForRepurchaseOfCommonStock": "None", "paymentsForRepurchaseOfEquity": "None", "paymentsForRepurchaseOfPreferredStock": "None", "dividendPayout": "279886184.44", "dividendPayoutCommonStock": "279886184.44", "dividendPayoutPreferredStock": "None", "proceedsFromIssuanceOfCommonStock": "None", "proceedsFromIssuanceOfLongTermDebtAndCapitalSecuritiesNet": "None", "proceedsFromIssuanceOfPreferredStock": "None", "proceedsFromRepurchaseOfEquity": "0", "proceedsFromSaleOfTreasuryStock": "None", "changeInCashAndCashEquivalents": "None", "changeInExchangeRate": "None", "netIncome": "724489484"}]}, "overview": {"Symbol": "HDB", "AssetType": "Common Stock", "Name": "HDFC Bank Limited ADR", "Description": "HDFC Bank Limited offers various banking and financial services to individuals and businesses in India, Bahrain, Hong Kong and Dubai. The company is headquartered in Mumbai, India.", "CIK": "1144967", "Exchange": "NYSE", "Currency": "USD", "Country": "USA", "Sector": "FINANCE", "Industry": "COMMERCIAL BANKS, NEC", "Address": "'HDFC BANK HOUSE', SENAPATI BAPAT ROAD, LOWER PAREL (WEST), MUMBAI INDIA, INDIA, IN", "FiscalYearEnd": "March", "LatestQuarter": "2023-09-30", "MarketCapitalization": "146345460000", "EBITDA": "None", "PERatio": "18.08", "PEGRatio": "0.97", "BookValue": "554.2", "DividendPerShare": "0", "DividendYield": "0.0121", "EPS": "3.2", "RevenuePerShareTTM": "154.54", "ProfitMargin": "0.348", "OperatingMarginTTM": "0.333", "ReturnOnAssetsTTM": "0.0207", "ReturnOnEquityTTM": "0.16", "RevenueTTM": "1565269164000", "GrossProfitTTM": "1130320800000", "DilutedEPSTTM": "3.2", "QuarterlyEarningsGrowthYOY": "0.11", "QuarterlyRevenueGrowthYOY": "1.324", "AnalystTargetPrice": "78.92", "TrailingPE": "18.08", "ForwardPE": "20.96", "PriceToSalesRatioTTM": "0.127", "PriceToBookRatio": "4.194", "EVToRevenue": "-", "EVToEBITDA": "-", "Beta": "0.72", "52WeekHigh": "70.64", "52WeekLow": "55.95", "50DayMovingAverage": "59.03", "200DayMovingAverage": "64.85", "SharesOutstanding": "2529740000", "DividendDate": "2023-08-23", "ExDividendDate": "2023-05-12"}}