{"balance_sheet": {"symbol": "IBN", "annualReports": [{"fiscalDateEnding": "2023-03-31", "reportedCurrency": "INR", "totalAssets": "17526373800000", "totalCurrentAssets": "2243944464000", "cashAndCashEquivalentsAtCarryingValue": "1831259800000", "cashAndShortTermInvestments": "1831259800000", "inventory": "None", "currentNetReceivables": "None", "totalNonCurrentAssets": "5778044605000", "propertyPlantEquipment": "109690000000", "accumulatedDepreciationAmortizationPPE": "None", "intangibleAssets": "None", "intangibleAssetsExcludingGoodwill": "None", "goodwill": "1013300000", "investments": "None", "longTermInvestments": "6395519700000", "shortTermInvestments": "-20000", "otherCurrentAssets": "None", "otherNonCurrentAssets": "None", "totalLiabilities": "15646040000000", "totalCurrentLiabilities": "117877283000", "currentAccountsPayable": "None", "deferredRevenue": "None", "currentDebt": "None", "shortTermDebt": "90353072000", "totalNonCurrentLiabilities": "117877283000", "capitalLeaseObligations": "None", "longTermDebt": "1890618100000", "currentLongTermDebt": "98022849000", "longTermDebtNoncurrent": "None", "shortLongTermDebtTotal": "1616026800000", "otherCurrentLiabilities": "-117877283000", "otherNonCurrentLiabilities": "None", "totalShareholderEquity": "1820524900000", "treasuryStock": "None", "retainedEarnings": "2123401300000", "commonStock": "13899700000", "commonStockSharesOutstanding": "3542621332"}, {"fiscalDateEnding": "2022-03-31", "reportedCurrency": "INR", "totalAssets": "15738122400000", "totalCurrentAssets": "1586331309000", "cashAndCashEquivalentsAtCarryingValue": "1475705300000", "cashAndShortTermInvestments": "1475705300000", "inventory": "None", "currentNetReceivables": "None", "totalNonCurrentAssets": "5473878800000", "propertyPlantEquipment": "106054100000", "accumulatedDepreciationAmortizationPPE": "None", "intangibleAssets": "None", "intangibleAssetsExcludingGoodwill": "None", "goodwill": "1076700000", "investments": "None", "longTermInvestments": "5670977200000", "shortTermInvestments": "-20000", "otherCurrentAssets": "9917069400000", "otherNonCurrentAssets": "None", "totalLiabilities": "14066364000000", "totalCurrentLiabilities": "67018073000", "currentAccountsPayable": "None", "deferredRevenue": "None", "currentDebt": "None", "shortTermDebt": "42187893000", "totalNonCurrentLiabilities": "1438999400000", "capitalLeaseObligations": "None", "longTermDebt": "1616026800000", "currentLongTermDebt": "90353072000", "longTermDebtNoncurrent": "None", "shortLongTermDebtTotal": "1438999400000", "otherCurrentLiabilities": "-67018073000", "otherNonCurrentLiabilities": "None", "totalShareholderEquity": "1575875000000", "treasuryStock": "None", "retainedEarnings": "1108334394000", "commonStock": "13834100000", "commonStockSharesOutstanding": "3420930428"}, {"fiscalDateEnding": "2021-03-31", "reportedCurrency": "INR", "totalAssets": "13772922300000", "totalCurrentAssets": "1390299155000", "cashAndCashEquivalentsAtCarryingValue": "1278529200000", "cashAndShortTermInvestments": "1278529200000", "inventory": "None", "currentNetReceivables": "None", "totalNonCurrentAssets": "4538812900000", "propertyPlantEquipment": "108092600000", "accumulatedDepreciationAmortizationPPE": "None", "intangibleAssets": "None", "intangibleAssetsExcludingGoodwill": "None", "goodwill": "1097000000", "investments": "None", "longTermInvestments": "5365786200000", "shortTermInvestments": "None", "otherCurrentAssets": "580503953000", "otherNonCurrentAssets": "None", "totalLiabilities": "12475374000000", "totalCurrentLiabilities": "63082674000", "currentAccountsPayable": "None", "deferredRevenue": "None", "currentDebt": "None", "shortTermDebt": "32372198000", "totalNonCurrentLiabilities": "2138517800000", "capitalLeaseObligations": "None", "longTermDebt": "1438999400000", "currentLongTermDebt": "42187893000", "longTermDebtNoncurrent": "None", "shortLongTermDebtTotal": "2138517800000", "otherCurrentLiabilities": "-63082674000", "otherNonCurrentLiabilities": "None", "totalShareholderEquity": "1229600600000", "treasuryStock": "None", "retainedEarnings": "1562009900000", "commonStock": "12947600000", "commonStockSharesOutstanding": "3283500000"}, {"fiscalDateEnding": "2020-03-31", "reportedCurrency": "INR", "totalAssets": "12387938900000", "totalCurrentAssets": "1281720161000", "cashAndCashEquivalentsAtCarryingValue": "873909000000", "cashAndShortTermInvestments": "873909000000", "inventory": "None", "currentNetReceivables": "None", "totalNonCurrentAssets": "4078611780000", "propertyPlantEquipment": "104086576000", "accumulatedDepreciationAmortizationPPE": "None", "intangibleAssets": "1228503572000", "intangibleAssetsExcludingGoodwill": "1228503572000", "goodwill": "1097000000", "investments": "None", "longTermInvestments": "4434726298000", "shortTermInvestments": "53000", "otherCurrentAssets": "1495563295000", "otherNonCurrentAssets": "None", "totalLiabilities": "11179599500000", "totalCurrentLiabilities": "55743454000", "currentAccountsPayable": "None", "deferredRevenue": "None", "currentDebt": "None", "shortTermDebt": "19095340000", "totalNonCurrentLiabilities": "2007087943000", "capitalLeaseObligations": "None", "longTermDebt": "2106145623000", "currentLongTermDebt": "32372198000", "longTermDebtNoncurrent": "None", "shortLongTermDebtTotal": "2103241200000", "otherCurrentLiabilities": "-55743454000", "otherNonCurrentLiabilities": "None", "totalShareholderEquity": "1142534100000", "treasuryStock": "None", "retainedEarnings": "695461841000", "commonStock": "12894600000", "commonStockSharesOutstanding": "3257457887"}, {"fiscalDateEnding": "2019-03-31", "reportedCurrency": "INR", "totalAssets": "12387938900000", "totalCurrentAssets": "582359986000", "cashAndCashEquivalentsAtCarryingValue": "873909000000", "cashAndShortTermInvestments": "873909000000", "inventory": "10040166000", "currentNetReceivables": "None", "totalNonCurrentAssets": "97701227000", "propertyPlantEquipment": "96604227000", "accumulatedDepreciationAmortizationPPE": "0", "intangibleAssets": "0", "intangibleAssetsExcludingGoodwill": "0", "goodwill": "1097000000", "investments": "None", "longTermInvestments": "3982007553000", "shortTermInvestments": "-291549014000", "otherCurrentAssets": "508687221000", "otherNonCurrentAssets": "None", "totalLiabilities": "11179599500000", "totalCurrentLiabilities": "533262700000", "currentAccountsPayable": "None", "deferredRevenue": "None", "currentDebt": "None", "shortTermDebt": "19095340000", "totalNonCurrentLiabilities": "2084145868000", "capitalLeaseObligations": "0", "longTermDebt": "2084145868000", "currentLongTermDebt": "19095340000", "longTermDebtNoncurrent": "None", "shortLongTermDebtTotal": "2103241200000", "otherCurrentLiabilities": "477519246000", "otherNonCurrentLiabilities": "0", "totalShareholderEquity": "1142534100000", "treasuryStock": "0", "retainedEarnings": "618555220000", "commonStock": "12894600000", "commonStockSharesOutstanding": "3257457887"}], "quarterlyReports": [{"fiscalDateEnding": "2023-09-30", "reportedCurrency": "INR", "totalAssets": "21248497500000", "totalCurrentAssets": "1291019500000", "cashAndCashEquivalentsAtCarryingValue": "1291019500000", "cashAndShortTermInvestments": "1291019500000", "inventory": "None", "currentNetReceivables": "None", "totalNonCurrentAssets": "7270227900000", "propertyPlantEquipment": "116576200000", "accumulatedDepreciationAmortizationPPE": "None", "intangibleAssets": "None", "intangibleAssetsExcludingGoodwill": "None", "goodwill": "1013300000", "investments": "None", "longTermInvestments": "7152638400000", "shortTermInvestments": "None", "otherCurrentAssets": "None", "otherNonCurrentAssets": "None", "totalLiabilities": "1897097900000", "totalCurrentLiabilities": "None", "currentAccountsPayable": "None", "deferredRevenue": "None", "currentDebt": "None", "shortTermDebt": "None", "totalNonCurrentLiabilities": "1897097900000", "capitalLeaseObligations": "None", "longTermDebt": "1897097900000", "currentLongTermDebt": "None", "longTermDebtNoncurrent": "None", "shortLongTermDebtTotal": "1897097900000", "otherCurrentLiabilities": "None", "otherNonCurrentLiabilities": "None", "totalShareholderEquity": "2318842100000", "treasuryStock": "None", "retainedEarnings": "2294053700000", "commonStock": "14008300000", "commonStockSharesOutstanding": "3567822528"}, {"fiscalDateEnding": "2023-06-30", "reportedCurrency": "INR", "totalAssets": "19584905000000", "totalCurrentAssets": "2013223214000", "cashAndCashEquivalentsAtCarryingValue": "1364564900000", "cashAndShortTermInvestments": "1364564900000", "inventory": "None", "currentNetReceivables": "None", "totalNonCurrentAssets": "6506223000000", "propertyPlantEquipment": "111542000000", "accumulatedDepreciationAmortizationPPE": "None", "intangibleAssets": "None", "intangibleAssetsExcludingGoodwill": "None", "goodwill": "1013300000", "investments": "None", "longTermInvestments": "6927091400000", "shortTermInvestments": "None", "otherCurrentAssets": "None", "otherNonCurrentAssets": "None", "totalLiabilities": "17373059500000", "totalCurrentLiabilities": "131412986000", "currentAccountsPayable": "None", "deferredRevenue": "None", "currentDebt": "None", "shortTermDebt": "98022849000", "totalNonCurrentLiabilities": "1890618100000", "capitalLeaseObligations": "None", "longTermDebt": "1829814100000", "currentLongTermDebt": "None", "longTermDebtNoncurrent": "None", "shortLongTermDebtTotal": "1890618100000", "otherCurrentLiabilities": "-131412986000", "otherNonCurrentLiabilities": "None", "totalShareholderEquity": "2144978000000", "treasuryStock": "None", "retainedEarnings": "2237499800000", "commonStock": "13967800000", "commonStockSharesOutstanding": "3543732552"}, {"fiscalDateEnding": "2023-03-31", "reportedCurrency": "INR", "totalAssets": "19584905000000", "totalCurrentAssets": "1364564900000", "cashAndCashEquivalentsAtCarryingValue": "1364564900000", "cashAndShortTermInvestments": "1364564900000", "inventory": "None", "currentNetReceivables": "None", "totalNonCurrentAssets": "6506223000000", "propertyPlantEquipment": "109690000000", "accumulatedDepreciationAmortizationPPE": "None", "intangibleAssets": "None", "intangibleAssetsExcludingGoodwill": "None", "goodwill": "1013300000", "investments": "None", "longTermInvestments": "6395519700000", "shortTermInvestments": "None", "otherCurrentAssets": "None", "otherNonCurrentAssets": "None", "totalLiabilities": "1890618100000", "totalCurrentLiabilities": "None", "currentAccountsPayable": "None", "deferredRevenue": "None", "currentDebt": "None", "shortTermDebt": "None", "totalNonCurrentLiabilities": "1890618100000", "capitalLeaseObligations": "None", "longTermDebt": "1890618100000", "currentLongTermDebt": "98022849000", "longTermDebtNoncurrent": "None", "shortLongTermDebtTotal": "1890618100000", "otherCurrentLiabilities": "None", "otherNonCurrentLiabilities": "None", "totalShareholderEquity": "2144978000000", "treasuryStock": "None", "retainedEarnings": "2123401300000", "commonStock": "13967800000", "commonStockSharesOutstanding": "3559501445"}, {"fiscalDateEnding": "2022-12-31", "reportedCurrency": "INR", "totalAssets": "18872090100000", "totalCurrentAssets": "1398800300000", "cashAndCashEquivalentsAtCarryingValue": "1398800300000", "cashAndShortTermInvestments": "1398800300000", "inventory": "None", "currentNetReceivables": "None", "totalNonCurrentAssets": "6235178500000", "propertyPlantEquipment": "108588700000", "accumulatedDepreciationAmortizationPPE": "None", "intangibleAssets": "None", "intangibleAssetsExcludingGoodwill": "None", "goodwill": "1013300000", "investments": "None", "longTermInvestments": "6125576500000", "shortTermInvestments": "None", "otherCurrentAssets": "None", "otherNonCurrentAssets": "None", "totalLiabilities": "1924969300000", "totalCurrentLiabilities": "None", "currentAccountsPayable": "None", "deferredRevenue": "None", "currentDebt": "None", "shortTermDebt": "None", "totalNonCurrentLiabilities": "1924969300000", "capitalLeaseObligations": "None", "longTermDebt": "1924969300000", "currentLongTermDebt": "None", "longTermDebtNoncurrent": "None", "shortLongTermDebtTotal": "1924969300000", "otherCurrentLiabilities": "None", "otherNonCurrentLiabilities": "None", "totalShareholderEquity": "2045928800000", "treasuryStock": "None", "retainedEarnings": "2025611500000", "commonStock": "13956200000", "commonStockSharesOutstanding": "3559684211"}, {"fiscalDateEnding": "2022-09-30", "reportedCurrency": "INR", "totalAssets": "18331538200000", "totalCurrentAssets": "1385455700000", "cashAndCashEquivalentsAtCarryingValue": "1385455700000", "cashAndShortTermInvestments": "1385455700000", "inventory": "None", "currentNetReceivables": "None", "totalNonCurrentAssets": "6050812800000", "propertyPlantEquipment": "107875700000", "accumulatedDepreciationAmortizationPPE": "None", "intangibleAssets": "None", "intangibleAssetsExcludingGoodwill": "None", "goodwill": "1013300000", "investments": "None", "longTermInvestments": "5941923800000", "shortTermInvestments": "None", "otherCurrentAssets": "None", "otherNonCurrentAssets": "None", "totalLiabilities": "1821809800000", "totalCurrentLiabilities": "11162768100000", "currentAccountsPayable": "None", "deferredRevenue": "None", "currentDebt": "None", "shortTermDebt": "None", "totalNonCurrentLiabilities": "1821809800000", "capitalLeaseObligations": "None", "longTermDebt": "1821809800000", "currentLongTermDebt": "None", "longTermDebtNoncurrent": "None", "shortLongTermDebtTotal": "1821809800000", "otherCurrentLiabilities": "None", "otherNonCurrentLiabilities": "None", "totalShareholderEquity": "1951390600000", "treasuryStock": "None", "retainedEarnings": "1932351800000", "commonStock": "13937900000", "commonStockSharesOutstanding": "3558662222"}, {"fiscalDateEnding": "2022-06-30", "reportedCurrency": "INR", "totalAssets": "17526373800000", "totalCurrentAssets": "807227548000", "cashAndCashEquivalentsAtCarryingValue": "1831259800000", "cashAndShortTermInvestments": "1831259800000", "inventory": "None", "currentNetReceivables": "None", "totalNonCurrentAssets": "107067425000", "propertyPlantEquipment": "106549500000", "accumulatedDepreciationAmortizationPPE": "None", "intangibleAssets": "None", "intangibleAssetsExcludingGoodwill": "None", "goodwill": "1013300000", "investments": "None", "longTermInvestments": "5655767800000", "shortTermInvestments": "-1024032252000", "otherCurrentAssets": "None", "otherNonCurrentAssets": "None", "totalLiabilities": "15646040000000", "totalCurrentLiabilities": "117877283000", "currentAccountsPayable": "None", "deferredRevenue": "None", "currentDebt": "None", "shortTermDebt": "90353072000", "totalNonCurrentLiabilities": "1638592685000", "capitalLeaseObligations": "None", "longTermDebt": "1660643700000", "currentLongTermDebt": "None", "longTermDebtNoncurrent": "None", "shortLongTermDebtTotal": "1616026800000", "otherCurrentLiabilities": "-117877283000", "otherNonCurrentLiabilities": "None", "totalShareholderEquity": "1820524900000", "treasuryStock": "None", "retainedEarnings": "1108467494000", "commonStock": "13899700000", "commonStockSharesOutstanding": "3547306985"}, {"fiscalDateEnding": "2022-03-31", "reportedCurrency": "INR", "totalAssets": "17427771800000", "totalCurrentAssets": "1275895900000", "cashAndCashEquivalentsAtCarryingValue": "1275895900000", "cashAndShortTermInvestments": "1275895900000", "inventory": "None", "currentNetReceivables": "None", "totalNonCurrentAssets": "5763330600000", "propertyPlantEquipment": "106054100000", "accumulatedDepreciationAmortizationPPE": "None", "intangibleAssets": "None", "intangibleAssetsExcludingGoodwill": "None", "goodwill": "1013300000", "investments": "None", "longTermInvestments": "5670977200000", "shortTermInvestments": "-20000", "otherCurrentAssets": "704744478000", "otherNonCurrentAssets": "None", "totalLiabilities": "15470599900000", "totalCurrentLiabilities": "117877283000", "currentAccountsPayable": "None", "deferredRevenue": "None", "currentDebt": "None", "shortTermDebt": "90353072000", "totalNonCurrentLiabilities": "15470599900000", "capitalLeaseObligations": "None", "longTermDebt": "1616026800000", "currentLongTermDebt": "90353072000", "longTermDebtNoncurrent": "None", "shortLongTermDebtTotal": "1660643700000", "otherCurrentLiabilities": "-117877283000", "otherNonCurrentLiabilities": "None", "totalShareholderEquity": "1896988000000", "treasuryStock": "None", "retainedEarnings": "1108334394000", "commonStock": "13914800000", "commonStockSharesOutstanding": "3546844380"}, {"fiscalDateEnding": "2021-12-31", "reportedCurrency": "INR", "totalAssets": "16829038400000", "totalCurrentAssets": "556942500000", "cashAndCashEquivalentsAtCarryingValue": "1956152000000", "cashAndShortTermInvestments": "1956152000000", "inventory": "None", "currentNetReceivables": "None", "totalNonCurrentAssets": "103817900000", "propertyPlantEquipment": "103817900000", "accumulatedDepreciationAmortizationPPE": "None", "intangibleAssets": "None", "intangibleAssetsExcludingGoodwill": "None", "goodwill": "None", "investments": "None", "longTermInvestments": "5318224300000", "shortTermInvestments": "-1399209500000", "otherCurrentAssets": "None", "otherNonCurrentAssets": "None", "totalLiabilities": "1546095800000", "totalCurrentLiabilities": "10442902400000", "currentAccountsPayable": "None", "deferredRevenue": "None", "currentDebt": "None", "shortTermDebt": "None", "totalNonCurrentLiabilities": "1546095800000", "capitalLeaseObligations": "None", "longTermDebt": "1546095800000", "currentLongTermDebt": "None", "longTermDebtNoncurrent": "None", "shortLongTermDebtTotal": "1546095800000", "otherCurrentLiabilities": "None", "otherNonCurrentLiabilities": "None", "totalShareholderEquity": "1751134500000", "treasuryStock": "None", "retainedEarnings": "1735280000000", "commonStock": "13888800000", "commonStockSharesOutstanding": "3548615635"}, {"fiscalDateEnding": "2021-09-30", "reportedCurrency": "INR", "totalAssets": "16040529200000", "totalCurrentAssets": "1635566900000", "cashAndCashEquivalentsAtCarryingValue": "1635566900000", "cashAndShortTermInvestments": "1635566900000", "inventory": "None", "currentNetReceivables": "None", "totalNonCurrentAssets": "103579300000", "propertyPlantEquipment": "103579300000", "accumulatedDepreciationAmortizationPPE": "None", "intangibleAssets": "None", "intangibleAssetsExcludingGoodwill": "None", "goodwill": "None", "investments": "None", "longTermInvestments": "5328485000000", "shortTermInvestments": "None", "otherCurrentAssets": "None", "otherNonCurrentAssets": "None", "totalLiabilities": "14298306300000", "totalCurrentLiabilities": "2303.39", "currentAccountsPayable": "None", "deferredRevenue": "None", "currentDebt": "None", "shortTermDebt": "2303.39", "totalNonCurrentLiabilities": "1280177800000", "capitalLeaseObligations": "None", "longTermDebt": "1280177800000", "currentLongTermDebt": "None", "longTermDebtNoncurrent": "None", "shortLongTermDebtTotal": "1280177800000", "otherCurrentLiabilities": "None", "otherNonCurrentLiabilities": "None", "totalShareholderEquity": "1686049800000", "treasuryStock": "None", "retainedEarnings": "1670906700000", "commonStock": "13870900000", "commonStockSharesOutstanding": "3541767442"}, {"fiscalDateEnding": "2021-06-30", "reportedCurrency": "INR", "totalAssets": "15738122400000", "totalCurrentAssets": "46031", "cashAndCashEquivalentsAtCarryingValue": "1475705300000", "cashAndShortTermInvestments": "1475705300000", "inventory": "None", "currentNetReceivables": "None", "totalNonCurrentAssets": "8878", "propertyPlantEquipment": "108695100000", "accumulatedDepreciationAmortizationPPE": "None", "intangibleAssets": "None", "intangibleAssetsExcludingGoodwill": "None", "goodwill": "None", "investments": "None", "longTermInvestments": "2948487400000", "shortTermInvestments": "339800590000", "otherCurrentAssets": "None", "otherNonCurrentAssets": "None", "totalLiabilities": "14066364000000", "totalCurrentLiabilities": "67018073000", "currentAccountsPayable": "None", "deferredRevenue": "None", "currentDebt": "None", "shortTermDebt": "42187893000", "totalNonCurrentLiabilities": "1438999400000", "capitalLeaseObligations": "None", "longTermDebt": "891308200000", "currentLongTermDebt": "None", "longTermDebtNoncurrent": "None", "shortLongTermDebtTotal": "1438999400000", "otherCurrentLiabilities": "-67018073000", "otherNonCurrentLiabilities": "None", "totalShareholderEquity": "1575875000000", "treasuryStock": "None", "retainedEarnings": "1611957500000", "commonStock": "13834100000", "commonStockSharesOutstanding": "3525367965"}, {"fiscalDateEnding": "2021-03-31", "reportedCurrency": "INR", "totalAssets": "15738122400000", "totalCurrentAssets": "46031", "cashAndCashEquivalentsAtCarryingValue": "1475705300000", "cashAndShortTermInvestments": "1475705300000", "inventory": "None", "currentNetReceivables": "None", "totalNonCurrentAssets": "8878", "propertyPlantEquipment": "108092600000", "accumulatedDepreciationAmortizationPPE": "None", "intangibleAssets": "None", "intangibleAssetsExcludingGoodwill": "None", "goodwill": "None", "investments": "None", "longTermInvestments": "5365786200000", "shortTermInvestments": "339800590000", "otherCurrentAssets": "580503953000", "otherNonCurrentAssets": "None", "totalLiabilities": "14066364000000", "totalCurrentLiabilities": "67018073000", "currentAccountsPayable": "None", "deferredRevenue": "None", "currentDebt": "None", "shortTermDebt": "42187893000", "totalNonCurrentLiabilities": "1438999400000", "capitalLeaseObligations": "None", "longTermDebt": "1438999400000", "currentLongTermDebt": "42187893000", "longTermDebtNoncurrent": "None", "shortLongTermDebtTotal": "1438999400000", "otherCurrentLiabilities": "-67018073000", "otherNonCurrentLiabilities": "None", "totalShareholderEquity": "1575875000000", "treasuryStock": "None", "retainedEarnings": "1562009900000", "commonStock": "13834100000", "commonStockSharesOutstanding": "3525367965"}, {"fiscalDateEnding": "2020-12-31", "reportedCurrency": "INR", "totalAssets": "15193532200000", "totalCurrentAssets": "1482800300000", "cashAndCashEquivalentsAtCarryingValue": "1482800300000", "cashAndShortTermInvestments": "1482800300000", "inventory": "None", "currentNetReceivables": "None", "totalNonCurrentAssets": "5238017000000", "propertyPlantEquipment": "106627500000", "accumulatedDepreciationAmortizationPPE": "None", "intangibleAssets": "None", "intangibleAssetsExcludingGoodwill": "None", "goodwill": "None", "investments": "None", "longTermInvestments": "5131389500000", "shortTermInvestments": "None", "otherCurrentAssets": "1482800300000", "otherNonCurrentAssets": "None", "totalLiabilities": "13578895400000", "totalCurrentLiabilities": "9043329800000", "currentAccountsPayable": "None", "deferredRevenue": "None", "currentDebt": "None", "shortTermDebt": "32372198000", "totalNonCurrentLiabilities": "13578895400000", "capitalLeaseObligations": "None", "longTermDebt": "1547184200000", "currentLongTermDebt": "None", "longTermDebtNoncurrent": "None", "shortLongTermDebtTotal": "1547184200000", "otherCurrentLiabilities": "9043329800000", "otherNonCurrentLiabilities": "None", "totalShareholderEquity": "1522070800000", "treasuryStock": "None", "retainedEarnings": "1508228700000", "commonStock": "13809500000", "commonStockSharesOutstanding": "3506473214"}, {"fiscalDateEnding": "2020-09-30", "reportedCurrency": "INR", "totalAssets": "14760137000000", "totalCurrentAssets": "1480103400000", "cashAndCashEquivalentsAtCarryingValue": "1480103400000", "cashAndShortTermInvestments": "1480103400000", "inventory": "None", "currentNetReceivables": "None", "totalNonCurrentAssets": "5222740100000", "propertyPlantEquipment": "106555800000", "accumulatedDepreciationAmortizationPPE": "None", "intangibleAssets": "None", "intangibleAssetsExcludingGoodwill": "None", "goodwill": "None", "investments": "None", "longTermInvestments": "5116184300000", "shortTermInvestments": "None", "otherCurrentAssets": "1480103400000", "otherNonCurrentAssets": "None", "totalLiabilities": "13215053400000", "totalCurrentLiabilities": "8631391300000", "currentAccountsPayable": "None", "deferredRevenue": "None", "currentDebt": "None", "shortTermDebt": "None", "totalNonCurrentLiabilities": "13215053400000", "capitalLeaseObligations": "None", "longTermDebt": "1899414500000", "currentLongTermDebt": "None", "longTermDebtNoncurrent": "None", "shortLongTermDebtTotal": "1899414500000", "otherCurrentLiabilities": "8631391300000", "otherNonCurrentLiabilities": "None", "totalShareholderEquity": "1460255000000", "treasuryStock": "None", "retainedEarnings": "1446425900000", "commonStock": "13794600000", "commonStockSharesOutstanding": "3385804438"}, {"fiscalDateEnding": "2020-06-30", "reportedCurrency": "INR", "totalAssets": "13772922300000", "totalCurrentAssets": "35311.93", "cashAndCashEquivalentsAtCarryingValue": "1278529200000", "cashAndShortTermInvestments": "1278529200000", "inventory": "None", "currentNetReceivables": "None", "totalNonCurrentAssets": "10408.66", "propertyPlantEquipment": "104123800000", "accumulatedDepreciationAmortizationPPE": "None", "intangibleAssets": "1260399500000", "intangibleAssetsExcludingGoodwill": "1260399500000", "goodwill": "1076700000", "investments": "None", "longTermInvestments": "5197928700000", "shortTermInvestments": "318955051000", "otherCurrentAssets": "458260100000", "otherNonCurrentAssets": "None", "totalLiabilities": "12475374000000", "totalCurrentLiabilities": "63082674000", "currentAccountsPayable": "None", "deferredRevenue": "None", "currentDebt": "None", "shortTermDebt": "32372198000", "totalNonCurrentLiabilities": "2138517800000", "capitalLeaseObligations": "None", "longTermDebt": "2220535800000", "currentLongTermDebt": "None", "longTermDebtNoncurrent": "None", "shortLongTermDebtTotal": "2138517800000", "otherCurrentLiabilities": "-63082674000", "otherNonCurrentLiabilities": "None", "totalShareholderEquity": "1229600600000", "treasuryStock": "None", "retainedEarnings": "730399300000", "commonStock": "12947600000", "commonStockSharesOutstanding": "3292947368"}, {"fiscalDateEnding": "2020-03-31", "reportedCurrency": "INR", "totalAssets": "13772922300000", "totalCurrentAssets": "35311.93", "cashAndCashEquivalentsAtCarryingValue": "1278529200000", "cashAndShortTermInvestments": "1278529200000", "inventory": "None", "currentNetReceivables": "None", "totalNonCurrentAssets": "10408.66", "propertyPlantEquipment": "104086576000", "accumulatedDepreciationAmortizationPPE": "None", "intangibleAssets": "None", "intangibleAssetsExcludingGoodwill": "None", "goodwill": "None", "investments": "None", "longTermInvestments": "4434726298000", "shortTermInvestments": "318955051000", "otherCurrentAssets": "470455188000", "otherNonCurrentAssets": "None", "totalLiabilities": "12475374000000", "totalCurrentLiabilities": "63082674000", "currentAccountsPayable": "None", "deferredRevenue": "None", "currentDebt": "None", "shortTermDebt": "32372198000", "totalNonCurrentLiabilities": "2138517800000", "capitalLeaseObligations": "None", "longTermDebt": "2138517821000", "currentLongTermDebt": "32372198000", "longTermDebtNoncurrent": "None", "shortLongTermDebtTotal": "2138517800000", "otherCurrentLiabilities": "-63082674000", "otherNonCurrentLiabilities": "None", "totalShareholderEquity": "1229600600000", "treasuryStock": "None", "retainedEarnings": "695461841000", "commonStock": "12947600000", "commonStockSharesOutstanding": "3292947368"}, {"fiscalDateEnding": "2019-12-31", "reportedCurrency": "INR", "totalAssets": "13049106900000", "totalCurrentAssets": "36214.56", "cashAndCashEquivalentsAtCarryingValue": "793956500000", "cashAndShortTermInvestments": "793956500000", "inventory": "0", "currentNetReceivables": "None", "totalNonCurrentAssets": "8087.87", "propertyPlantEquipment": "100799000000", "accumulatedDepreciationAmortizationPPE": "0", "intangibleAssets": "0", "intangibleAssetsExcludingGoodwill": "0", "goodwill": "0", "investments": "None", "longTermInvestments": "4352627000000", "shortTermInvestments": "0", "otherCurrentAssets": "0", "otherNonCurrentAssets": "None", "totalLiabilities": "11756165000000", "totalCurrentLiabilities": "0", "currentAccountsPayable": "None", "deferredRevenue": "None", "currentDebt": "None", "shortTermDebt": "0", "totalNonCurrentLiabilities": "11756165000000", "capitalLeaseObligations": "0", "longTermDebt": "1893028300000", "currentLongTermDebt": "0", "longTermDebtNoncurrent": "None", "shortLongTermDebtTotal": "1893028300000", "otherCurrentLiabilities": "0", "otherNonCurrentLiabilities": "0", "totalShareholderEquity": "1222352500000", "treasuryStock": "0", "retainedEarnings": "1209375300000", "commonStock": "12940800000", "commonStockSharesOutstanding": "3293441467"}, {"fiscalDateEnding": "2019-09-30", "reportedCurrency": "INR", "totalAssets": "12881897200000", "totalCurrentAssets": "41495.45", "cashAndCashEquivalentsAtCarryingValue": "799023800000", "cashAndShortTermInvestments": "799023800000", "inventory": "0", "currentNetReceivables": "None", "totalNonCurrentAssets": "7936.37", "propertyPlantEquipment": "97080900000", "accumulatedDepreciationAmortizationPPE": "0", "intangibleAssets": "0", "intangibleAssetsExcludingGoodwill": "0", "goodwill": "0", "investments": "None", "longTermInvestments": "4281135300000", "shortTermInvestments": "0", "otherCurrentAssets": "0", "otherNonCurrentAssets": "None", "totalLiabilities": "11640647100000", "totalCurrentLiabilities": "7255826700000", "currentAccountsPayable": "None", "deferredRevenue": "None", "currentDebt": "None", "shortTermDebt": "0", "totalNonCurrentLiabilities": "11640647100000", "capitalLeaseObligations": "0", "longTermDebt": "2045415900000", "currentLongTermDebt": "0", "longTermDebtNoncurrent": "None", "shortLongTermDebtTotal": "2045415900000", "otherCurrentLiabilities": "0", "otherNonCurrentLiabilities": "0", "totalShareholderEquity": "1172765900000", "treasuryStock": "0", "retainedEarnings": "1159803800000", "commonStock": "12921500000", "commonStockSharesOutstanding": "3288372093"}, {"fiscalDateEnding": "2019-06-30", "reportedCurrency": "INR", "totalAssets": "12387938900000", "totalCurrentAssets": "37858.01", "cashAndCashEquivalentsAtCarryingValue": "873909000000", "cashAndShortTermInvestments": "873909000000", "inventory": "0", "currentNetReceivables": "None", "totalNonCurrentAssets": "7931.43", "propertyPlantEquipment": "96351800000", "accumulatedDepreciationAmortizationPPE": "0", "intangibleAssets": "0", "intangibleAssetsExcludingGoodwill": "0", "goodwill": "0", "investments": "None", "longTermInvestments": "4233889500000", "shortTermInvestments": "309767451000", "otherCurrentAssets": "0", "otherNonCurrentAssets": "None", "totalLiabilities": "11179599500000", "totalCurrentLiabilities": "55743454000", "currentAccountsPayable": "None", "deferredRevenue": "None", "currentDebt": "None", "shortTermDebt": "19095340000", "totalNonCurrentLiabilities": "2103241200000", "capitalLeaseObligations": "0", "longTermDebt": "2082148300000", "currentLongTermDebt": "0", "longTermDebtNoncurrent": "None", "shortLongTermDebtTotal": "2103241200000", "otherCurrentLiabilities": "-55743454000", "otherNonCurrentLiabilities": "0", "totalShareholderEquity": "1142534100000", "treasuryStock": "0", "retainedEarnings": "1154569900000", "commonStock": "12894600000", "commonStockSharesOutstanding": "3269162011"}, {"fiscalDateEnding": "2019-03-31", "reportedCurrency": "INR", "totalAssets": "12387938900000", "totalCurrentAssets": "37858.01", "cashAndCashEquivalentsAtCarryingValue": "873909000000", "cashAndShortTermInvestments": "873909000000", "inventory": "0", "currentNetReceivables": "None", "totalNonCurrentAssets": "7931.43", "propertyPlantEquipment": "96604227000", "accumulatedDepreciationAmortizationPPE": "0", "intangibleAssets": "0", "intangibleAssetsExcludingGoodwill": "0", "goodwill": "0", "investments": "None", "longTermInvestments": "3982007553000", "shortTermInvestments": "309767451000", "otherCurrentAssets": "0", "otherNonCurrentAssets": "None", "totalLiabilities": "11179599500000", "totalCurrentLiabilities": "55743454000", "currentAccountsPayable": "None", "deferredRevenue": "None", "currentDebt": "None", "shortTermDebt": "19095340000", "totalNonCurrentLiabilities": "2103241200000", "capitalLeaseObligations": "0", "longTermDebt": "2073639443000", "currentLongTermDebt": "19095340000", "longTermDebtNoncurrent": "None", "shortLongTermDebtTotal": "2103241200000", "otherCurrentLiabilities": "-55743454000", "otherNonCurrentLiabilities": "0", "totalShareholderEquity": "1142534100000", "treasuryStock": "0", "retainedEarnings": "618555220000", "commonStock": "12894600000", "commonStockSharesOutstanding": "3269162011"}, {"fiscalDateEnding": "2018-12-31", "reportedCurrency": "INR", "totalAssets": "912363.75", "totalCurrentAssets": "34364.66", "cashAndCashEquivalentsAtCarryingValue": "34364.66", "cashAndShortTermInvestments": "34364.66", "inventory": "0", "currentNetReceivables": "None", "totalNonCurrentAssets": "7818.07", "propertyPlantEquipment": "43372.91", "accumulatedDepreciationAmortizationPPE": "0", "intangibleAssets": "0", "intangibleAssetsExcludingGoodwill": "0", "goodwill": "0", "investments": "None", "longTermInvestments": "161383.85", "shortTermInvestments": "0", "otherCurrentAssets": "0", "otherNonCurrentAssets": "None", "totalLiabilities": "451807.68", "totalCurrentLiabilities": "271263.05", "currentAccountsPayable": "None", "deferredRevenue": "None", "currentDebt": "None", "shortTermDebt": "0", "totalNonCurrentLiabilities": "0", "capitalLeaseObligations": "0", "longTermDebt": "91440.28", "currentLongTermDebt": "0", "longTermDebtNoncurrent": "None", "shortLongTermDebtTotal": "0", "otherCurrentLiabilities": "0", "otherNonCurrentLiabilities": "0", "totalShareholderEquity": "48159.15", "treasuryStock": "0", "retainedEarnings": "3312016.97", "commonStock": "48159.15", "commonStockSharesOutstanding": "3265383275"}, {"fiscalDateEnding": "2018-09-30", "reportedCurrency": "INR", "totalAssets": "8743399700000", "totalCurrentAssets": "576117500000", "cashAndCashEquivalentsAtCarryingValue": "576117500000", "cashAndShortTermInvestments": "576117500000", "inventory": "0", "currentNetReceivables": "None", "totalNonCurrentAssets": "1953422600000", "propertyPlantEquipment": "13787315735.35", "accumulatedDepreciationAmortizationPPE": "0", "intangibleAssets": "0", "intangibleAssetsExcludingGoodwill": "0", "goodwill": "0", "investments": "None", "longTermInvestments": "50163455605.07", "shortTermInvestments": "0", "otherCurrentAssets": "0", "otherNonCurrentAssets": "None", "totalLiabilities": "7689669300000", "totalCurrentLiabilities": "80836064449.78", "currentAccountsPayable": "None", "deferredRevenue": "None", "currentDebt": "None", "shortTermDebt": "0", "totalNonCurrentLiabilities": "7689669300000", "capitalLeaseObligations": "0", "longTermDebt": "30608433321.91", "currentLongTermDebt": "0", "longTermDebtNoncurrent": "None", "shortLongTermDebtTotal": "1746857800000", "otherCurrentLiabilities": "0", "otherNonCurrentLiabilities": "0", "totalShareholderEquity": "1053730400000", "treasuryStock": "0", "retainedEarnings": "0", "commonStock": "12872400000", "commonStockSharesOutstanding": "3255729730"}]}, "income_statement": {"symbol": "IBN", "annualReports": [{"fiscalDateEnding": "2023-03-31", "reportedCurrency": "INR", "grossProfit": "56678000", "totalRevenue": "56678000", "costOfRevenue": "None", "costofGoodsAndServicesSold": "None", "operatingIncome": "747342043000", "sellingGeneralAndAdministrative": "123416000000", "researchAndDevelopment": "None", "operatingExpenses": "747285365000", "investmentIncomeNet": "None", "netInterestIncome": "705234200000", "interestIncome": "1210668100000", "interestExpense": "411666700000", "nonInterestIncome": "None", "otherNonOperatingIncome": "None", "depreciation": "None", "depreciationAndAmortization": "14794600000", "incomeBeforeTax": "349957000000", "incomeTaxExpense": "84574400000", "interestAndDebtExpense": "None", "netIncomeFromContinuingOperations": "354613100000", "comprehensiveIncomeNetOfTax": "None", "ebit": "747342043000", "ebitda": "762136643000", "netIncome": "251101000000"}, {"fiscalDateEnding": "2022-03-31", "reportedCurrency": "INR", "grossProfit": "1163696500000", "totalRevenue": "1163696500000", "costOfRevenue": "None", "costofGoodsAndServicesSold": "None", "operatingIncome": "747342043000", "sellingGeneralAndAdministrative": "123416000000", "researchAndDevelopment": "None", "operatingExpenses": "747285365000", "investmentIncomeNet": "None", "netInterestIncome": "542402000000", "interestIncome": "954068700000", "interestExpense": "411666700000", "nonInterestIncome": "None", "otherNonOperatingIncome": "None", "depreciation": "None", "depreciationAndAmortization": "14794600000", "incomeBeforeTax": "349957000000", "incomeTaxExpense": "84574400000", "interestAndDebtExpense": "None", "netIncomeFromContinuingOperations": "265382600000", "comprehensiveIncomeNetOfTax": "None", "ebit": "747342043000", "ebitda": "762136643000", "netIncome": "251101000000"}, {"fiscalDateEnding": "2021-03-31", "reportedCurrency": "INR", "grossProfit": "1051205800000", "totalRevenue": "1051205800000", "costOfRevenue": "None", "costofGoodsAndServicesSold": "None", "operatingIncome": "169294500000", "sellingGeneralAndAdministrative": "111567500000", "researchAndDevelopment": "None", "operatingExpenses": "-881911300000", "investmentIncomeNet": "None", "netInterestIncome": "465035700000", "interestIncome": "891626600000", "interestExpense": "446655200000", "nonInterestIncome": "None", "otherNonOperatingIncome": "None", "depreciation": "None", "depreciationAndAmortization": "13696400000", "incomeBeforeTax": "185886100000", "incomeTaxExpense": "73631400000", "interestAndDebtExpense": "None", "netIncomeFromContinuingOperations": "203639600000", "comprehensiveIncomeNetOfTax": "None", "ebit": "169294500000", "ebitda": "182990900000", "netIncome": "95663100000"}, {"fiscalDateEnding": "2020-03-31", "reportedCurrency": "INR", "grossProfit": "921311591000", "totalRevenue": "921289600000", "costOfRevenue": "-21991000", "costofGoodsAndServicesSold": "-21991000", "operatingIncome": "451508801000", "sellingGeneralAndAdministrative": "94252600000", "researchAndDevelopment": "None", "operatingExpenses": "-469802790000", "investmentIncomeNet": "None", "netInterestIncome": "401702508000", "interestIncome": "848357730000", "interestExpense": "391775400000", "nonInterestIncome": "None", "otherNonOperatingIncome": "None", "depreciation": "None", "depreciationAndAmortization": "10453730000", "incomeBeforeTax": "74082600000", "incomeTaxExpense": "17191000000", "interestAndDebtExpense": "None", "netIncomeFromContinuingOperations": "112254680000", "comprehensiveIncomeNetOfTax": "None", "ebit": "451508801000", "ebitda": "461962531000", "netIncome": "42542400000"}, {"fiscalDateEnding": "2019-03-31", "reportedCurrency": "INR", "grossProfit": "921289600000", "totalRevenue": "921289600000", "costOfRevenue": "-21991000", "costofGoodsAndServicesSold": "-21991000", "operatingIncome": "49279657000", "sellingGeneralAndAdministrative": "94252600000", "researchAndDevelopment": "0", "operatingExpenses": "642588799999", "investmentIncomeNet": "None", "netInterestIncome": "328041126000", "interestIncome": "719816540000", "interestExpense": "391775400000", "nonInterestIncome": "None", "otherNonOperatingIncome": "0", "depreciation": "None", "depreciationAndAmortization": "10453730000", "incomeBeforeTax": "74082600000", "incomeTaxExpense": "17191000000", "interestAndDebtExpense": "None", "netIncomeFromContinuingOperations": "56891606000", "comprehensiveIncomeNetOfTax": "None", "ebit": "49279657000", "ebitda": "59733387000", "netIncome": "42542400000"}], "quarterlyReports": [{"fiscalDateEnding": "2023-09-30", "reportedCurrency": "INR", "grossProfit": "393842500000", "totalRevenue": "393842500000", "costOfRevenue": "None", "costofGoodsAndServicesSold": "None", "operatingIncome": "147049500000", "sellingGeneralAndAdministrative": "46622300000", "researchAndDevelopment": "None", "operatingExpenses": "-246793000000", "investmentIncomeNet": "None", "netInterestIncome": "210300700000", "interestIncome": "389380800000", "interestExpense": "179080100000", "nonInterestIncome": "None", "otherNonOperatingIncome": "None", "depreciation": "None", "depreciationAndAmortization": "None", "incomeBeforeTax": "151596800000", "incomeTaxExpense": "38088200000", "interestAndDebtExpense": "None", "netIncomeFromContinuingOperations": "113508600000", "comprehensiveIncomeNetOfTax": "None", "ebit": "None", "ebitda": "147049500000", "netIncome": "108961300000"}, {"fiscalDateEnding": "2023-06-30", "reportedCurrency": "INR", "grossProfit": "394432776832.85", "totalRevenue": "394432800000", "costOfRevenue": "23167.15", "costofGoodsAndServicesSold": "23167.15", "operatingIncome": "15206.19", "sellingGeneralAndAdministrative": "42480000000", "researchAndDevelopment": "None", "operatingExpenses": "24237.09", "investmentIncomeNet": "None", "netInterestIncome": "207382300000", "interestIncome": "371058900000", "interestExpense": "144794700000", "nonInterestIncome": "None", "otherNonOperatingIncome": "None", "depreciation": "None", "depreciationAndAmortization": "3835900000", "incomeBeforeTax": "137352100000", "incomeTaxExpense": "34989200000", "interestAndDebtExpense": "None", "netIncomeFromContinuingOperations": "110144500000", "comprehensiveIncomeNetOfTax": "None", "ebit": "274475000000", "ebitda": "15206.19", "netIncome": "98527000000"}, {"fiscalDateEnding": "2023-03-31", "reportedCurrency": "INR", "grossProfit": "394432776832.85", "totalRevenue": "394432800000", "costOfRevenue": "23167.15", "costofGoodsAndServicesSold": "23167.15", "operatingIncome": "274475000000", "sellingGeneralAndAdministrative": "42480000000", "researchAndDevelopment": "None", "operatingExpenses": "24237.09", "investmentIncomeNet": "None", "netInterestIncome": "199594400000", "interestIncome": "344389100000", "interestExpense": "144794700000", "nonInterestIncome": "None", "otherNonOperatingIncome": "None", "depreciation": "None", "depreciationAndAmortization": "3835900000", "incomeBeforeTax": "137352100000", "incomeTaxExpense": "34989200000", "interestAndDebtExpense": "None", "netIncomeFromContinuingOperations": "102362900000", "comprehensiveIncomeNetOfTax": "None", "ebit": "274475000000", "ebitda": "278310900000", "netIncome": "98527000000"}, {"fiscalDateEnding": "2022-12-31", "reportedCurrency": "INR", "grossProfit": "348816100000", "totalRevenue": "348816100000", "costOfRevenue": "19694.78", "costofGoodsAndServicesSold": "19694.78", "operatingIncome": "117918300000", "sellingGeneralAndAdministrative": "37231000000", "researchAndDevelopment": "None", "operatingExpenses": "-230897800000", "investmentIncomeNet": "None", "netInterestIncome": "186409200000", "interestIncome": "316188100000", "interestExpense": "129778900000", "nonInterestIncome": "None", "otherNonOperatingIncome": "None", "depreciation": "None", "depreciationAndAmortization": "3732000000", "incomeBeforeTax": "121650300000", "incomeTaxExpense": "29994100000", "interestAndDebtExpense": "None", "netIncomeFromContinuingOperations": "91656200000", "comprehensiveIncomeNetOfTax": "None", "ebit": "243965200000", "ebitda": "117918300000", "netIncome": "87924200000"}, {"fiscalDateEnding": "2022-09-30", "reportedCurrency": "INR", "grossProfit": "331812500000", "totalRevenue": "331812500000", "costOfRevenue": "None", "costofGoodsAndServicesSold": "None", "operatingIncome": "10308.89", "sellingGeneralAndAdministrative": "36758900000", "researchAndDevelopment": "None", "operatingExpenses": "7566.33", "investmentIncomeNet": "None", "netInterestIncome": "168535200000", "interestIncome": "288504900000", "interestExpense": "119969700000", "nonInterestIncome": "None", "otherNonOperatingIncome": "None", "depreciation": "None", "depreciationAndAmortization": "3542200000", "incomeBeforeTax": "111514600000", "incomeTaxExpense": "27902500000", "interestAndDebtExpense": "None", "netIncomeFromContinuingOperations": "83612100000", "comprehensiveIncomeNetOfTax": "None", "ebit": "224399900000", "ebitda": "10308.89", "netIncome": "80069900000"}, {"fiscalDateEnding": "2022-06-30", "reportedCurrency": "INR", "grossProfit": "322001300000", "totalRevenue": "322001300000", "costOfRevenue": "None", "costofGoodsAndServicesSold": "None", "operatingIncome": "11528.04", "sellingGeneralAndAdministrative": "31153200000", "researchAndDevelopment": "None", "operatingExpenses": "204933296000", "investmentIncomeNet": "None", "netInterestIncome": "150695400000", "interestIncome": "261586000000", "interestExpense": "106339300000", "nonInterestIncome": "None", "otherNonOperatingIncome": "None", "depreciation": "None", "depreciationAndAmortization": "136619548471.96", "incomeBeforeTax": "106035300000", "incomeTaxExpense": "25144200000", "interestAndDebtExpense": "None", "netIncomeFromContinuingOperations": "76981900000", "comprehensiveIncomeNetOfTax": "None", "ebit": "11528.04", "ebitda": "136619560000", "netIncome": "77189400000"}, {"fiscalDateEnding": "2022-03-31", "reportedCurrency": "INR", "grossProfit": "281292700000", "totalRevenue": "281292700000", "costOfRevenue": "None", "costofGoodsAndServicesSold": "None", "operatingIncome": "206647900000", "sellingGeneralAndAdministrative": "35871800000", "researchAndDevelopment": "None", "operatingExpenses": "-74644800000", "investmentIncomeNet": "None", "netInterestIncome": "143655300000", "interestIncome": "249994600000", "interestExpense": "110890600000", "nonInterestIncome": "None", "otherNonOperatingIncome": "None", "depreciation": "None", "depreciationAndAmortization": "3136600000", "incomeBeforeTax": "102030500000", "incomeTaxExpense": "25048600000", "interestAndDebtExpense": "None", "netIncomeFromContinuingOperations": "80891100000", "comprehensiveIncomeNetOfTax": "None", "ebit": "206647900000", "ebitda": "209784500000", "netIncome": "73845300000"}, {"fiscalDateEnding": "2021-12-31", "reportedCurrency": "INR", "grossProfit": "294934300000", "totalRevenue": "294934300000", "costOfRevenue": "None", "costofGoodsAndServicesSold": "None", "operatingIncome": "11151.64", "sellingGeneralAndAdministrative": "32325900000", "researchAndDevelopment": "None", "operatingExpenses": "181488000000", "investmentIncomeNet": "None", "netInterestIncome": "139418800000", "interestIncome": "243142500000", "interestExpense": "103723700000", "nonInterestIncome": "None", "otherNonOperatingIncome": "None", "depreciation": "None", "depreciationAndAmortization": "87927488848.36", "incomeBeforeTax": "92160900000", "incomeTaxExpense": "22562000000", "interestAndDebtExpense": "None", "netIncomeFromContinuingOperations": "69598900000", "comprehensiveIncomeNetOfTax": "None", "ebit": "11151.64", "ebitda": "87927500000", "netIncome": "65365500000"}, {"fiscalDateEnding": "2021-09-30", "reportedCurrency": "INR", "grossProfit": "293919300000", "totalRevenue": "293919300000", "costOfRevenue": "None", "costofGoodsAndServicesSold": "None", "operatingIncome": "9914.72", "sellingGeneralAndAdministrative": "30219200000", "researchAndDevelopment": "None", "operatingExpenses": "180122399999", "investmentIncomeNet": "None", "netInterestIncome": "133854400000", "interestIncome": "234780000000", "interestExpense": "100925600000", "nonInterestIncome": "None", "otherNonOperatingIncome": "None", "depreciation": "None", "depreciationAndAmortization": "81267590085.28", "incomeBeforeTax": "86055200000", "incomeTaxExpense": "20349200000", "interestAndDebtExpense": "None", "netIncomeFromContinuingOperations": "65706000000", "comprehensiveIncomeNetOfTax": "None", "ebit": "9914.72", "ebitda": "81267600000", "netIncome": "60918400000"}, {"fiscalDateEnding": "2021-06-30", "reportedCurrency": "INR", "grossProfit": "336662100000", "totalRevenue": "336662100000", "costOfRevenue": "None", "costofGoodsAndServicesSold": "None", "operatingIncome": "9932.90", "sellingGeneralAndAdministrative": "28032400000", "researchAndDevelopment": "None", "operatingExpenses": "23733.31", "investmentIncomeNet": "None", "netInterestIncome": "130235400000", "interestIncome": "230972800000", "interestExpense": "99550800000", "nonInterestIncome": "None", "otherNonOperatingIncome": "None", "depreciation": "None", "depreciationAndAmortization": "165206290067.10", "incomeBeforeTax": "70103300000", "incomeTaxExpense": "16793900000", "interestAndDebtExpense": "None", "netIncomeFromContinuingOperations": "49768200000", "comprehensiveIncomeNetOfTax": "None", "ebit": "9932.90", "ebitda": "165206300000", "netIncome": "48861600000"}, {"fiscalDateEnding": "2021-03-31", "reportedCurrency": "INR", "grossProfit": "336662100000", "totalRevenue": "336662100000", "costOfRevenue": "None", "costofGoodsAndServicesSold": "None", "operatingIncome": "9932.90", "sellingGeneralAndAdministrative": "28032400000", "researchAndDevelopment": "None", "operatingExpenses": "23733.31", "investmentIncomeNet": "None", "netInterestIncome": "123445000000", "interestIncome": "222995800000", "interestExpense": "99550800000", "nonInterestIncome": "None", "otherNonOperatingIncome": "None", "depreciation": "None", "depreciationAndAmortization": "165206290067.10", "incomeBeforeTax": "70103300000", "incomeTaxExpense": "16793900000", "interestAndDebtExpense": "None", "netIncomeFromContinuingOperations": "53309400000", "comprehensiveIncomeNetOfTax": "None", "ebit": "9932.90", "ebitda": "165206300000", "netIncome": "48861600000"}, {"fiscalDateEnding": "2020-12-31", "reportedCurrency": "INR", "grossProfit": "300424100000", "totalRevenue": "300424100000", "costOfRevenue": "None", "costofGoodsAndServicesSold": "None", "operatingIncome": "174484000000", "sellingGeneralAndAdministrative": "26583800000", "researchAndDevelopment": "None", "operatingExpenses": "-125940100000", "investmentIncomeNet": "None", "netInterestIncome": "118018400000", "interestIncome": "222138800000", "interestExpense": "104120400000", "nonInterestIncome": "None", "otherNonOperatingIncome": "None", "depreciation": "None", "depreciationAndAmortization": "None", "incomeBeforeTax": "75579900000", "incomeTaxExpense": "15382100000", "interestAndDebtExpense": "None", "netIncomeFromContinuingOperations": "60197800000", "comprehensiveIncomeNetOfTax": "None", "ebit": "75579900000", "ebitda": "174484000000", "netIncome": "54981500000"}, {"fiscalDateEnding": "2020-09-30", "reportedCurrency": "INR", "grossProfit": "283764700000", "totalRevenue": "283764700000", "costOfRevenue": "None", "costofGoodsAndServicesSold": "None", "operatingIncome": "172736600000", "sellingGeneralAndAdministrative": "27319300000", "researchAndDevelopment": "None", "operatingExpenses": "-111028100000", "investmentIncomeNet": "None", "netInterestIncome": "112815400000", "interestIncome": "222264900000", "interestExpense": "109449500000", "nonInterestIncome": "None", "otherNonOperatingIncome": "None", "depreciation": "None", "depreciationAndAmortization": "3789200000", "incomeBeforeTax": "68727100000", "incomeTaxExpense": "14463800000", "interestAndDebtExpense": "None", "netIncomeFromContinuingOperations": "54263300000", "comprehensiveIncomeNetOfTax": "None", "ebit": "172736600000", "ebitda": "172736600000", "netIncome": "48823300000"}, {"fiscalDateEnding": "2020-06-30", "reportedCurrency": "INR", "grossProfit": "290963900000", "totalRevenue": "290963900000", "costOfRevenue": "None", "costofGoodsAndServicesSold": "None", "operatingIncome": "8575.68", "sellingGeneralAndAdministrative": "28984100000", "researchAndDevelopment": "None", "operatingExpenses": "20520.71", "investmentIncomeNet": "None", "netInterestIncome": "110756900000", "interestIncome": "224227100000", "interestExpense": "110250900000", "nonInterestIncome": "None", "otherNonOperatingIncome": "None", "depreciation": "None", "depreciationAndAmortization": "126406591424.32", "incomeBeforeTax": "19774700000", "incomeTaxExpense": "3642500000", "interestAndDebtExpense": "None", "netIncomeFromContinuingOperations": "35869100000", "comprehensiveIncomeNetOfTax": "None", "ebit": "8575.68", "ebitda": "126406600000", "netIncome": "12513200000"}, {"fiscalDateEnding": "2020-03-31", "reportedCurrency": "INR", "grossProfit": "290963900000", "totalRevenue": "290963900000", "costOfRevenue": "None", "costofGoodsAndServicesSold": "None", "operatingIncome": "8575.68", "sellingGeneralAndAdministrative": "28984100000", "researchAndDevelopment": "None", "operatingExpenses": "20520.71", "investmentIncomeNet": "None", "netInterestIncome": "107155908000", "interestIncome": "217406800000", "interestExpense": "110250900000", "nonInterestIncome": "None", "otherNonOperatingIncome": "None", "depreciation": "None", "depreciationAndAmortization": "126406591424.32", "incomeBeforeTax": "19774700000", "incomeTaxExpense": "3642500000", "interestAndDebtExpense": "None", "netIncomeFromContinuingOperations": "16132200000", "comprehensiveIncomeNetOfTax": "None", "ebit": "8575.68", "ebitda": "126406600000", "netIncome": "12513200000"}, {"fiscalDateEnding": "2019-12-31", "reportedCurrency": "INR", "grossProfit": "270738300000", "totalRevenue": "270738300000", "costOfRevenue": "0", "costofGoodsAndServicesSold": "0", "operatingIncome": "176182200000", "sellingGeneralAndAdministrative": "27173600000", "researchAndDevelopment": "0", "operatingExpenses": "5570.67", "investmentIncomeNet": "None", "netInterestIncome": "103258200000", "interestIncome": "216229400000", "interestExpense": "112971200000", "nonInterestIncome": "None", "otherNonOperatingIncome": "0", "depreciation": "None", "depreciationAndAmortization": "None", "incomeBeforeTax": "67652800000", "incomeTaxExpense": "16510000000", "interestAndDebtExpense": "None", "netIncomeFromContinuingOperations": "51142800000", "comprehensiveIncomeNetOfTax": "None", "ebit": "67652800000", "ebitda": "176182200000", "netIncome": "46701000000"}, {"fiscalDateEnding": "2019-09-30", "reportedCurrency": "INR", "grossProfit": "260900900000", "totalRevenue": "260900900000", "costOfRevenue": "0", "costofGoodsAndServicesSold": "0", "operatingIncome": "8363.31", "sellingGeneralAndAdministrative": "28726800000", "researchAndDevelopment": "0", "operatingExpenses": "17726.78", "investmentIncomeNet": "None", "netInterestIncome": "97715900000", "interestIncome": "211062800000", "interestExpense": "113346900000", "nonInterestIncome": "None", "otherNonOperatingIncome": "0", "depreciation": "None", "depreciationAndAmortization": "165188791636.69", "incomeBeforeTax": "56375100000", "incomeTaxExpense": "40529900000", "interestAndDebtExpense": "None", "netIncomeFromContinuingOperations": "15845200000", "comprehensiveIncomeNetOfTax": "None", "ebit": "8363.31", "ebitda": "165188800000", "netIncome": "11312000000"}, {"fiscalDateEnding": "2019-06-30", "reportedCurrency": "INR", "grossProfit": "264322000000", "totalRevenue": "264322000000", "costOfRevenue": "0", "costofGoodsAndServicesSold": "0", "operatingIncome": "7420.41", "sellingGeneralAndAdministrative": "25206100000", "researchAndDevelopment": "0", "operatingExpenses": "19011.79", "investmentIncomeNet": "None", "netInterestIncome": "93572500000", "interestIncome": "203658700000", "interestExpense": "103520500000", "nonInterestIncome": "None", "otherNonOperatingIncome": "0", "depreciation": "None", "depreciationAndAmortization": "116756292579.59", "incomeBeforeTax": "16806900000", "incomeTaxExpense": "1532200000", "interestAndDebtExpense": "None", "netIncomeFromContinuingOperations": "29134500000", "comprehensiveIncomeNetOfTax": "None", "ebit": "7420.41", "ebitda": "116756300000", "netIncome": "11703600000"}, {"fiscalDateEnding": "2019-03-31", "reportedCurrency": "INR", "grossProfit": "264322000000", "totalRevenue": "264322000000", "costOfRevenue": "0", "costofGoodsAndServicesSold": "0", "operatingIncome": "7420.41", "sellingGeneralAndAdministrative": "25206100000", "researchAndDevelopment": "0", "operatingExpenses": "19011.79", "investmentIncomeNet": "None", "netInterestIncome": "91516800000", "interestIncome": "195037300000", "interestExpense": "103520500000", "nonInterestIncome": "None", "otherNonOperatingIncome": "0", "depreciation": "None", "depreciationAndAmortization": "116756292579.59", "incomeBeforeTax": "16806900000", "incomeTaxExpense": "1532200000", "interestAndDebtExpense": "None", "netIncomeFromContinuingOperations": "15274700000", "comprehensiveIncomeNetOfTax": "None", "ebit": "7420.41", "ebitda": "116756300000", "netIncome": "11703600000"}, {"fiscalDateEnding": "2018-12-31", "reportedCurrency": "INR", "grossProfit": "232868100000", "totalRevenue": "232868100000", "costOfRevenue": "0", "costofGoodsAndServicesSold": "0", "operatingIncome": "5249.71", "sellingGeneralAndAdministrative": "24103000000", "researchAndDevelopment": "0", "operatingExpenses": "4324.36", "investmentIncomeNet": "None", "netInterestIncome": "None", "interestIncome": "None", "interestExpense": "101465000000", "nonInterestIncome": "None", "otherNonOperatingIncome": "0", "depreciation": "None", "depreciationAndAmortization": "126647394750.29", "incomeBeforeTax": "28794000000", "incomeTaxExpense": "6439100000", "interestAndDebtExpense": "None", "netIncomeFromContinuingOperations": "954.09", "comprehensiveIncomeNetOfTax": "None", "ebit": "5249.71", "ebitda": "126647400000", "netIncome": "18743300000"}, {"fiscalDateEnding": "2018-09-30", "reportedCurrency": "INR", "grossProfit": "2514089818.31", "totalRevenue": "2514089818.31", "costOfRevenue": "0", "costofGoodsAndServicesSold": "0", "operatingIncome": "12046200000", "sellingGeneralAndAdministrative": "2678116612.96", "researchAndDevelopment": "0", "operatingExpenses": "12046200000", "investmentIncomeNet": "None", "netInterestIncome": "None", "interestIncome": "None", "interestExpense": "0", "nonInterestIncome": "None", "otherNonOperatingIncome": "0", "depreciation": "None", "depreciationAndAmortization": "None", "incomeBeforeTax": "312649982.86", "incomeTaxExpense": "-12046200000", "interestAndDebtExpense": "None", "netIncomeFromContinuingOperations": "219540623.93", "comprehensiveIncomeNetOfTax": "None", "ebit": "0", "ebitda": "12046200000", "netIncome": "12046200000"}]}, "cash_flow": {"symbol": "IBN", "annualReports": [{"fiscalDateEnding": "2023-03-31", "reportedCurrency": "INR", "operatingCashflow": "581114300000", "paymentsForOperatingActivities": "None", "proceedsFromOperatingActivities": "None", "changeInOperatingLiabilities": "None", "changeInOperatingAssets": "None", "depreciationDepletionAndAmortization": "14794600000", "capitalExpenditures": "18599700000", "changeInReceivables": "None", "changeInInventory": "None", "profitLoss": "None", "cashflowFromInvestment": "-680053200000", "cashflowFromFinancing": "174510000000", "proceedsFromRepaymentsOfShortTermDebt": "None", "paymentsForRepurchaseOfCommonStock": "None", "paymentsForRepurchaseOfEquity": "None", "paymentsForRepurchaseOfPreferredStock": "None", "dividendPayout": "13852300000", "dividendPayoutCommonStock": "13852300000", "dividendPayoutPreferredStock": "None", "proceedsFromIssuanceOfCommonStock": "None", "proceedsFromIssuanceOfLongTermDebtAndCapitalSecuritiesNet": "None", "proceedsFromIssuanceOfPreferredStock": "None", "proceedsFromRepurchaseOfEquity": "9420700000", "proceedsFromSaleOfTreasuryStock": "None", "changeInCashAndCashEquivalents": "None", "changeInExchangeRate": "None", "netIncome": "335675400000"}, {"fiscalDateEnding": "2022-03-31", "reportedCurrency": "INR", "operatingCashflow": "1380153000000", "paymentsForOperatingActivities": "None", "proceedsFromOperatingActivities": "None", "changeInOperatingLiabilities": "None", "changeInOperatingAssets": "None", "depreciationDepletionAndAmortization": "14713700000", "capitalExpenditures": "16882000000", "changeInReceivables": "None", "changeInInventory": "None", "profitLoss": "None", "cashflowFromInvestment": "-393214400000", "cashflowFromFinancing": "-546667700000", "proceedsFromRepaymentsOfShortTermDebt": "None", "paymentsForRepurchaseOfCommonStock": "None", "paymentsForRepurchaseOfEquity": "None", "paymentsForRepurchaseOfPreferredStock": "None", "dividendPayout": "13852300000", "dividendPayoutCommonStock": "13852300000", "dividendPayoutPreferredStock": "None", "proceedsFromIssuanceOfCommonStock": "None", "proceedsFromIssuanceOfLongTermDebtAndCapitalSecuritiesNet": "None", "proceedsFromIssuanceOfPreferredStock": "None", "proceedsFromRepurchaseOfEquity": "13852300000", "proceedsFromSaleOfTreasuryStock": "None", "changeInCashAndCashEquivalents": "None", "changeInExchangeRate": "None", "netIncome": "240486800000"}, {"fiscalDateEnding": "2021-03-31", "reportedCurrency": "INR", "operatingCashflow": "795647500000", "paymentsForOperatingActivities": "None", "proceedsFromOperatingActivities": "None", "changeInOperatingLiabilities": "None", "changeInOperatingAssets": "None", "depreciationDepletionAndAmortization": "13696400000", "capitalExpenditures": "18734500000", "changeInReceivables": "None", "changeInInventory": "None", "profitLoss": "None", "cashflowFromInvestment": "-629869100000", "cashflowFromFinancing": "29921800000", "proceedsFromRepaymentsOfShortTermDebt": "None", "paymentsForRepurchaseOfCommonStock": "None", "paymentsForRepurchaseOfEquity": "None", "paymentsForRepurchaseOfPreferredStock": "None", "dividendPayout": "8863800000", "dividendPayoutCommonStock": "8863800000", "dividendPayoutPreferredStock": "None", "proceedsFromIssuanceOfCommonStock": "None", "proceedsFromIssuanceOfLongTermDebtAndCapitalSecuritiesNet": "None", "proceedsFromIssuanceOfPreferredStock": "None", "proceedsFromRepurchaseOfEquity": "154600300000", "proceedsFromSaleOfTreasuryStock": "None", "changeInCashAndCashEquivalents": "None", "changeInExchangeRate": "None", "netIncome": "169294500000"}, {"fiscalDateEnding": "2020-03-31", "reportedCurrency": "INR", "operatingCashflow": "486710527000", "paymentsForOperatingActivities": "None", "proceedsFromOperatingActivities": "None", "changeInOperatingLiabilities": "None", "changeInOperatingAssets": "None", "depreciationDepletionAndAmortization": "10453730000", "capitalExpenditures": "11481488000", "changeInReceivables": "None", "changeInInventory": "None", "profitLoss": "None", "cashflowFromInvestment": "-423084279000", "cashflowFromFinancing": "-199974343000", "proceedsFromRepaymentsOfShortTermDebt": "None", "paymentsForRepurchaseOfCommonStock": "None", "paymentsForRepurchaseOfEquity": "None", "paymentsForRepurchaseOfPreferredStock": "None", "dividendPayout": "11688270000", "dividendPayoutCommonStock": "11688270000", "dividendPayoutPreferredStock": "None", "proceedsFromIssuanceOfCommonStock": "None", "proceedsFromIssuanceOfLongTermDebtAndCapitalSecuritiesNet": "None", "proceedsFromIssuanceOfPreferredStock": "None", "proceedsFromRepurchaseOfEquity": "5493213000", "proceedsFromSaleOfTreasuryStock": "None", "changeInCashAndCashEquivalents": "None", "changeInExchangeRate": "None", "netIncome": "59733445000"}, {"fiscalDateEnding": "2019-03-31", "reportedCurrency": "INR", "operatingCashflow": "486710527000", "paymentsForOperatingActivities": "None", "proceedsFromOperatingActivities": "None", "changeInOperatingLiabilities": "None", "changeInOperatingAssets": "None", "depreciationDepletionAndAmortization": "10453730000", "capitalExpenditures": "11481488000", "changeInReceivables": "0", "changeInInventory": "0", "profitLoss": "None", "cashflowFromInvestment": "-301472151000", "cashflowFromFinancing": "-199974343000", "proceedsFromRepaymentsOfShortTermDebt": "None", "paymentsForRepurchaseOfCommonStock": "None", "paymentsForRepurchaseOfEquity": "None", "paymentsForRepurchaseOfPreferredStock": "None", "dividendPayout": "11688270000", "dividendPayoutCommonStock": "11688270000", "dividendPayoutPreferredStock": "None", "proceedsFromIssuanceOfCommonStock": "None", "proceedsFromIssuanceOfLongTermDebtAndCapitalSecuritiesNet": "None", "proceedsFromIssuanceOfPreferredStock": "None", "proceedsFromRepurchaseOfEquity": "-654531823000", "proceedsFromSaleOfTreasuryStock": "None", "changeInCashAndCashEquivalents": "0", "changeInExchangeRate": "0", "netIncome": "59733445000"}], "quarterlyReports": [{"fiscalDateEnding": "2023-09-30", "reportedCurrency": "USD", "operatingCashflow": "2026700000", "paymentsForOperatingActivities": "None", "proceedsFromOperatingActivities": "None", "changeInOperatingLiabilities": "None", "changeInOperatingAssets": "None", "depreciationDepletionAndAmortization": "7180300000", "capitalExpenditures": "18873200000", "changeInReceivables": "None", "changeInInventory": "None", "profitLoss": "None", "cashflowFromInvestment": "-34716600000", "cashflowFromFinancing": "-41597700000", "proceedsFromRepaymentsOfShortTermDebt": "None", "paymentsForRepurchaseOfCommonStock": "None", "paymentsForRepurchaseOfEquity": "None", "paymentsForRepurchaseOfPreferredStock": "None", "dividendPayout": "55986000000", "dividendPayoutCommonStock": "55986000000", "dividendPayoutPreferredStock": "None", "proceedsFromIssuanceOfCommonStock": "None", "proceedsFromIssuanceOfLongTermDebtAndCapitalSecuritiesNet": "None", "proceedsFromIssuanceOfPreferredStock": "None", "proceedsFromRepurchaseOfEquity": "6249100000", "proceedsFromSaleOfTreasuryStock": "None", "changeInCashAndCashEquivalents": "None", "changeInExchangeRate": "None", "netIncome": "108961300000"}, {"fiscalDateEnding": "2023-06-30", "reportedCurrency": "INR", "operatingCashflow": "5180508000", "paymentsForOperatingActivities": "None", "proceedsFromOperatingActivities": "None", "changeInOperatingLiabilities": "None", "changeInOperatingAssets": "None", "depreciationDepletionAndAmortization": "None", "capitalExpenditures": "0", "changeInReceivables": "None", "changeInInventory": "None", "profitLoss": "None", "cashflowFromInvestment": "None", "cashflowFromFinancing": "None", "proceedsFromRepaymentsOfShortTermDebt": "None", "paymentsForRepurchaseOfCommonStock": "None", "paymentsForRepurchaseOfEquity": "None", "paymentsForRepurchaseOfPreferredStock": "None", "dividendPayout": "None", "dividendPayoutCommonStock": "None", "dividendPayoutPreferredStock": "None", "proceedsFromIssuanceOfCommonStock": "None", "proceedsFromIssuanceOfLongTermDebtAndCapitalSecuritiesNet": "None", "proceedsFromIssuanceOfPreferredStock": "None", "proceedsFromRepurchaseOfEquity": "None", "proceedsFromSaleOfTreasuryStock": "None", "changeInCashAndCashEquivalents": "None", "changeInExchangeRate": "None", "netIncome": "98527008000"}, {"fiscalDateEnding": "2023-03-31", "reportedCurrency": "USD", "operatingCashflow": "-37711921000", "paymentsForOperatingActivities": "None", "proceedsFromOperatingActivities": "None", "changeInOperatingLiabilities": "None", "changeInOperatingAssets": "None", "depreciationDepletionAndAmortization": "16455886000", "capitalExpenditures": "24676808000", "changeInReceivables": "None", "changeInInventory": "None", "profitLoss": "None", "cashflowFromInvestment": "-680053222000", "cashflowFromFinancing": "247907176000", "proceedsFromRepaymentsOfShortTermDebt": "None", "paymentsForRepurchaseOfCommonStock": "None", "paymentsForRepurchaseOfEquity": "None", "paymentsForRepurchaseOfPreferredStock": "None", "dividendPayout": "34794463000", "dividendPayoutCommonStock": "34794463000", "dividendPayoutPreferredStock": "None", "proceedsFromIssuanceOfCommonStock": "None", "proceedsFromIssuanceOfLongTermDebtAndCapitalSecuritiesNet": "None", "proceedsFromIssuanceOfPreferredStock": "None", "proceedsFromRepurchaseOfEquity": "9420691000", "proceedsFromSaleOfTreasuryStock": "None", "changeInCashAndCashEquivalents": "None", "changeInExchangeRate": "None", "netIncome": "458300782000"}, {"fiscalDateEnding": "2022-12-31", "reportedCurrency": "INR", "operatingCashflow": "7430.66", "paymentsForOperatingActivities": "None", "proceedsFromOperatingActivities": "None", "changeInOperatingLiabilities": "None", "changeInOperatingAssets": "None", "depreciationDepletionAndAmortization": "None", "capitalExpenditures": "0", "changeInReceivables": "None", "changeInInventory": "None", "profitLoss": "None", "cashflowFromInvestment": "None", "cashflowFromFinancing": "None", "proceedsFromRepaymentsOfShortTermDebt": "None", "paymentsForRepurchaseOfCommonStock": "None", "paymentsForRepurchaseOfEquity": "None", "paymentsForRepurchaseOfPreferredStock": "None", "dividendPayout": "None", "dividendPayoutCommonStock": "None", "dividendPayoutPreferredStock": "None", "proceedsFromIssuanceOfCommonStock": "None", "proceedsFromIssuanceOfLongTermDebtAndCapitalSecuritiesNet": "None", "proceedsFromIssuanceOfPreferredStock": "None", "proceedsFromRepurchaseOfEquity": "None", "proceedsFromSaleOfTreasuryStock": "None", "changeInCashAndCashEquivalents": "None", "changeInExchangeRate": "None", "netIncome": "7557.84"}, {"fiscalDateEnding": "2022-09-30", "reportedCurrency": "INR", "operatingCashflow": "-209878100000", "paymentsForOperatingActivities": "None", "proceedsFromOperatingActivities": "None", "changeInOperatingLiabilities": "None", "changeInOperatingAssets": "None", "depreciationDepletionAndAmortization": "5049700000", "capitalExpenditures": "10200200000", "changeInReceivables": "None", "changeInInventory": "None", "profitLoss": "None", "cashflowFromInvestment": "-417081400000", "cashflowFromFinancing": "178618100000", "proceedsFromRepaymentsOfShortTermDebt": "None", "paymentsForRepurchaseOfCommonStock": "None", "paymentsForRepurchaseOfEquity": "None", "paymentsForRepurchaseOfPreferredStock": "None", "dividendPayout": "34794500000", "dividendPayoutCommonStock": "34794500000", "dividendPayoutPreferredStock": "None", "proceedsFromIssuanceOfCommonStock": "None", "proceedsFromIssuanceOfLongTermDebtAndCapitalSecuritiesNet": "None", "proceedsFromIssuanceOfPreferredStock": "None", "proceedsFromRepurchaseOfEquity": "5361800000", "proceedsFromSaleOfTreasuryStock": "None", "changeInCashAndCashEquivalents": "None", "changeInExchangeRate": "None", "netIncome": "80069900000"}, {"fiscalDateEnding": "2022-06-30", "reportedCurrency": "INR", "operatingCashflow": "581114301000000", "paymentsForOperatingActivities": "None", "proceedsFromOperatingActivities": "None", "changeInOperatingLiabilities": "None", "changeInOperatingAssets": "None", "depreciationDepletionAndAmortization": "14787387900000", "capitalExpenditures": "18590358200000", "changeInReceivables": "None", "changeInInventory": "None", "profitLoss": "None", "cashflowFromInvestment": "None", "cashflowFromFinancing": "173976049200000", "proceedsFromRepaymentsOfShortTermDebt": "None", "paymentsForRepurchaseOfCommonStock": "None", "paymentsForRepurchaseOfEquity": "None", "paymentsForRepurchaseOfPreferredStock": "None", "dividendPayout": "13852335000000", "dividendPayoutCommonStock": "13852335000000", "dividendPayoutPreferredStock": "None", "proceedsFromIssuanceOfCommonStock": "None", "proceedsFromIssuanceOfLongTermDebtAndCapitalSecuritiesNet": "None", "proceedsFromIssuanceOfPreferredStock": "None", "proceedsFromRepurchaseOfEquity": "None", "proceedsFromSaleOfTreasuryStock": "None", "changeInCashAndCashEquivalents": "None", "changeInExchangeRate": "None", "netIncome": "-134981600000"}, {"fiscalDateEnding": "2022-03-31", "reportedCurrency": "INR", "operatingCashflow": "575527385000", "paymentsForOperatingActivities": "None", "proceedsFromOperatingActivities": "None", "changeInOperatingLiabilities": "None", "changeInOperatingAssets": "None", "depreciationDepletionAndAmortization": "14794572000", "capitalExpenditures": "18599746000", "changeInReceivables": "None", "changeInInventory": "None", "profitLoss": "None", "cashflowFromInvestment": "-393214419000", "cashflowFromFinancing": "174510007000", "proceedsFromRepaymentsOfShortTermDebt": "None", "paymentsForRepurchaseOfCommonStock": "None", "paymentsForRepurchaseOfEquity": "None", "paymentsForRepurchaseOfPreferredStock": "None", "dividendPayout": "13852335000", "dividendPayoutCommonStock": "13852335000", "dividendPayoutPreferredStock": "None", "proceedsFromIssuanceOfCommonStock": "None", "proceedsFromIssuanceOfLongTermDebtAndCapitalSecuritiesNet": "None", "proceedsFromIssuanceOfPreferredStock": "None", "proceedsFromRepurchaseOfEquity": "7979764000", "proceedsFromSaleOfTreasuryStock": "None", "changeInCashAndCashEquivalents": "None", "changeInExchangeRate": "None", "netIncome": "77189360000"}, {"fiscalDateEnding": "2021-12-31", "reportedCurrency": "INR", "operatingCashflow": "None", "paymentsForOperatingActivities": "None", "proceedsFromOperatingActivities": "None", "changeInOperatingLiabilities": "None", "changeInOperatingAssets": "None", "depreciationDepletionAndAmortization": "None", "capitalExpenditures": "0", "changeInReceivables": "None", "changeInInventory": "None", "profitLoss": "None", "cashflowFromInvestment": "None", "cashflowFromFinancing": "None", "proceedsFromRepaymentsOfShortTermDebt": "None", "paymentsForRepurchaseOfCommonStock": "None", "paymentsForRepurchaseOfEquity": "None", "paymentsForRepurchaseOfPreferredStock": "None", "dividendPayout": "None", "dividendPayoutCommonStock": "None", "dividendPayoutPreferredStock": "None", "proceedsFromIssuanceOfCommonStock": "None", "proceedsFromIssuanceOfLongTermDebtAndCapitalSecuritiesNet": "None", "proceedsFromIssuanceOfPreferredStock": "None", "proceedsFromRepurchaseOfEquity": "None", "proceedsFromSaleOfTreasuryStock": "None", "changeInCashAndCashEquivalents": "None", "changeInExchangeRate": "None", "netIncome": "65365500000"}, {"fiscalDateEnding": "2021-09-30", "reportedCurrency": "INR", "operatingCashflow": "553939700000", "paymentsForOperatingActivities": "None", "proceedsFromOperatingActivities": "None", "changeInOperatingLiabilities": "None", "changeInOperatingAssets": "None", "depreciationDepletionAndAmortization": "7129300000", "capitalExpenditures": "8487500000", "changeInReceivables": "None", "changeInInventory": "None", "profitLoss": "None", "cashflowFromInvestment": "-229745300000", "cashflowFromFinancing": "-164041200000", "proceedsFromRepaymentsOfShortTermDebt": "None", "paymentsForRepurchaseOfCommonStock": "None", "paymentsForRepurchaseOfEquity": "None", "paymentsForRepurchaseOfPreferredStock": "None", "dividendPayout": "13852300000", "dividendPayoutCommonStock": "13852300000", "dividendPayoutPreferredStock": "None", "proceedsFromIssuanceOfCommonStock": "None", "proceedsFromIssuanceOfLongTermDebtAndCapitalSecuritiesNet": "None", "proceedsFromIssuanceOfPreferredStock": "None", "proceedsFromRepurchaseOfEquity": "4485400000", "proceedsFromSaleOfTreasuryStock": "None", "changeInCashAndCashEquivalents": "None", "changeInExchangeRate": "None", "netIncome": "60918400000"}, {"fiscalDateEnding": "2021-06-30", "reportedCurrency": "INR", "operatingCashflow": "None", "paymentsForOperatingActivities": "None", "proceedsFromOperatingActivities": "None", "changeInOperatingLiabilities": "None", "changeInOperatingAssets": "None", "depreciationDepletionAndAmortization": "None", "capitalExpenditures": "0", "changeInReceivables": "None", "changeInInventory": "None", "profitLoss": "None", "cashflowFromInvestment": "None", "cashflowFromFinancing": "None", "proceedsFromRepaymentsOfShortTermDebt": "None", "paymentsForRepurchaseOfCommonStock": "None", "paymentsForRepurchaseOfEquity": "None", "paymentsForRepurchaseOfPreferredStock": "None", "dividendPayout": "None", "dividendPayoutCommonStock": "None", "dividendPayoutPreferredStock": "None", "proceedsFromIssuanceOfCommonStock": "None", "proceedsFromIssuanceOfLongTermDebtAndCapitalSecuritiesNet": "None", "proceedsFromIssuanceOfPreferredStock": "None", "proceedsFromRepurchaseOfEquity": "None", "proceedsFromSaleOfTreasuryStock": "None", "changeInCashAndCashEquivalents": "None", "changeInExchangeRate": "None", "netIncome": "47474200000"}, {"fiscalDateEnding": "2021-03-31", "reportedCurrency": "INR", "operatingCashflow": "1380153000000", "paymentsForOperatingActivities": "None", "proceedsFromOperatingActivities": "None", "changeInOperatingLiabilities": "None", "changeInOperatingAssets": "None", "depreciationDepletionAndAmortization": "14713700000", "capitalExpenditures": "16882000000", "changeInReceivables": "None", "changeInInventory": "None", "profitLoss": "None", "cashflowFromInvestment": "-629869100000", "cashflowFromFinancing": "-546667700000", "proceedsFromRepaymentsOfShortTermDebt": "None", "paymentsForRepurchaseOfCommonStock": "None", "paymentsForRepurchaseOfEquity": "None", "paymentsForRepurchaseOfPreferredStock": "None", "dividendPayout": "None", "dividendPayoutCommonStock": "None", "dividendPayoutPreferredStock": "None", "proceedsFromIssuanceOfCommonStock": "None", "proceedsFromIssuanceOfLongTermDebtAndCapitalSecuritiesNet": "None", "proceedsFromIssuanceOfPreferredStock": "None", "proceedsFromRepurchaseOfEquity": "154600300000", "proceedsFromSaleOfTreasuryStock": "None", "changeInCashAndCashEquivalents": "None", "changeInExchangeRate": "None", "netIncome": "48861585000"}, {"fiscalDateEnding": "2020-12-31", "reportedCurrency": "INR", "operatingCashflow": "None", "paymentsForOperatingActivities": "None", "proceedsFromOperatingActivities": "None", "changeInOperatingLiabilities": "None", "changeInOperatingAssets": "None", "depreciationDepletionAndAmortization": "None", "capitalExpenditures": "0", "changeInReceivables": "None", "changeInInventory": "None", "profitLoss": "None", "cashflowFromInvestment": "None", "cashflowFromFinancing": "None", "proceedsFromRepaymentsOfShortTermDebt": "None", "paymentsForRepurchaseOfCommonStock": "None", "paymentsForRepurchaseOfEquity": "None", "paymentsForRepurchaseOfPreferredStock": "None", "dividendPayout": "None", "dividendPayoutCommonStock": "None", "dividendPayoutPreferredStock": "None", "proceedsFromIssuanceOfCommonStock": "None", "proceedsFromIssuanceOfLongTermDebtAndCapitalSecuritiesNet": "None", "proceedsFromIssuanceOfPreferredStock": "None", "proceedsFromRepurchaseOfEquity": "None", "proceedsFromSaleOfTreasuryStock": "None", "changeInCashAndCashEquivalents": "None", "changeInExchangeRate": "None", "netIncome": "54981500000"}, {"fiscalDateEnding": "2020-09-30", "reportedCurrency": "INR", "operatingCashflow": "189266100000", "paymentsForOperatingActivities": "None", "proceedsFromOperatingActivities": "None", "changeInOperatingLiabilities": "None", "changeInOperatingAssets": "None", "depreciationDepletionAndAmortization": "3789200000", "capitalExpenditures": "6327400000", "changeInReceivables": "None", "changeInInventory": "None", "profitLoss": "None", "cashflowFromInvestment": "-162108400000", "cashflowFromFinancing": "123070100000", "proceedsFromRepaymentsOfShortTermDebt": "None", "paymentsForRepurchaseOfCommonStock": "None", "paymentsForRepurchaseOfEquity": "None", "paymentsForRepurchaseOfPreferredStock": "None", "dividendPayout": "None", "dividendPayoutCommonStock": "None", "dividendPayoutPreferredStock": "None", "proceedsFromIssuanceOfCommonStock": "None", "proceedsFromIssuanceOfLongTermDebtAndCapitalSecuritiesNet": "None", "proceedsFromIssuanceOfPreferredStock": "None", "proceedsFromRepurchaseOfEquity": "150184000000", "proceedsFromSaleOfTreasuryStock": "None", "changeInCashAndCashEquivalents": "None", "changeInExchangeRate": "None", "netIncome": "48823300000"}, {"fiscalDateEnding": "2020-06-30", "reportedCurrency": "INR", "operatingCashflow": "114130000", "paymentsForOperatingActivities": "None", "proceedsFromOperatingActivities": "None", "changeInOperatingLiabilities": "None", "changeInOperatingAssets": "None", "depreciationDepletionAndAmortization": "3394900000", "capitalExpenditures": "3060400000", "changeInReceivables": "None", "changeInInventory": "None", "profitLoss": "None", "cashflowFromInvestment": "-370705300000", "cashflowFromFinancing": "410887700000", "proceedsFromRepaymentsOfShortTermDebt": "None", "paymentsForRepurchaseOfCommonStock": "None", "paymentsForRepurchaseOfEquity": "None", "paymentsForRepurchaseOfPreferredStock": "None", "dividendPayout": "None", "dividendPayoutCommonStock": "None", "dividendPayoutPreferredStock": "None", "proceedsFromIssuanceOfCommonStock": "None", "proceedsFromIssuanceOfLongTermDebtAndCapitalSecuritiesNet": "None", "proceedsFromIssuanceOfPreferredStock": "None", "proceedsFromRepurchaseOfEquity": "None", "proceedsFromSaleOfTreasuryStock": "None", "changeInCashAndCashEquivalents": "None", "changeInExchangeRate": "None", "netIncome": "12513178000"}, {"fiscalDateEnding": "2020-03-31", "reportedCurrency": "INR", "operatingCashflow": "18226500000", "paymentsForOperatingActivities": "None", "proceedsFromOperatingActivities": "None", "changeInOperatingLiabilities": "None", "changeInOperatingAssets": "None", "depreciationDepletionAndAmortization": "3394900000", "capitalExpenditures": "3060400000", "changeInReceivables": "None", "changeInInventory": "None", "profitLoss": "None", "cashflowFromInvestment": "-370705300000", "cashflowFromFinancing": "410887700000", "proceedsFromRepaymentsOfShortTermDebt": "None", "paymentsForRepurchaseOfCommonStock": "None", "paymentsForRepurchaseOfEquity": "None", "paymentsForRepurchaseOfPreferredStock": "None", "dividendPayout": "8863792000", "dividendPayoutCommonStock": "8863792000", "dividendPayoutPreferredStock": "None", "proceedsFromIssuanceOfCommonStock": "None", "proceedsFromIssuanceOfLongTermDebtAndCapitalSecuritiesNet": "None", "proceedsFromIssuanceOfPreferredStock": "None", "proceedsFromRepurchaseOfEquity": "5493213000", "proceedsFromSaleOfTreasuryStock": "None", "changeInCashAndCashEquivalents": "None", "changeInExchangeRate": "None", "netIncome": "12513178000"}, {"fiscalDateEnding": "2019-12-31", "reportedCurrency": "INR", "operatingCashflow": "18226500000", "paymentsForOperatingActivities": "None", "proceedsFromOperatingActivities": "None", "changeInOperatingLiabilities": "None", "changeInOperatingAssets": "None", "depreciationDepletionAndAmortization": "0", "capitalExpenditures": "0", "changeInReceivables": "0", "changeInInventory": "0", "profitLoss": "None", "cashflowFromInvestment": "-370705300000", "cashflowFromFinancing": "0", "proceedsFromRepaymentsOfShortTermDebt": "None", "paymentsForRepurchaseOfCommonStock": "None", "paymentsForRepurchaseOfEquity": "None", "paymentsForRepurchaseOfPreferredStock": "None", "dividendPayout": "0", "dividendPayoutCommonStock": "0", "dividendPayoutPreferredStock": "None", "proceedsFromIssuanceOfCommonStock": "None", "proceedsFromIssuanceOfLongTermDebtAndCapitalSecuritiesNet": "None", "proceedsFromIssuanceOfPreferredStock": "None", "proceedsFromRepurchaseOfEquity": "0", "proceedsFromSaleOfTreasuryStock": "None", "changeInCashAndCashEquivalents": "0", "changeInExchangeRate": "0", "netIncome": "46701000000"}, {"fiscalDateEnding": "2019-09-30", "reportedCurrency": "INR", "operatingCashflow": "-116179400000", "paymentsForOperatingActivities": "None", "proceedsFromOperatingActivities": "None", "changeInOperatingLiabilities": "None", "changeInOperatingAssets": "None", "depreciationDepletionAndAmortization": "3300300000", "capitalExpenditures": "4107000000", "changeInReceivables": "0", "changeInInventory": "0", "profitLoss": "None", "cashflowFromInvestment": "-226773300000", "cashflowFromFinancing": "302507000000", "proceedsFromRepaymentsOfShortTermDebt": "None", "paymentsForRepurchaseOfCommonStock": "None", "paymentsForRepurchaseOfEquity": "None", "paymentsForRepurchaseOfPreferredStock": "None", "dividendPayout": "7377200000", "dividendPayoutCommonStock": "7377200000", "dividendPayoutPreferredStock": "None", "proceedsFromIssuanceOfCommonStock": "None", "proceedsFromIssuanceOfLongTermDebtAndCapitalSecuritiesNet": "None", "proceedsFromIssuanceOfPreferredStock": "None", "proceedsFromRepurchaseOfEquity": "2698400000", "proceedsFromSaleOfTreasuryStock": "None", "changeInCashAndCashEquivalents": "0", "changeInExchangeRate": "0", "netIncome": "11312000000"}, {"fiscalDateEnding": "2019-06-30", "reportedCurrency": "INR", "operatingCashflow": "79246000", "paymentsForOperatingActivities": "None", "proceedsFromOperatingActivities": "None", "changeInOperatingLiabilities": "None", "changeInOperatingAssets": "None", "depreciationDepletionAndAmortization": "2765100000", "capitalExpenditures": "3129000000", "changeInReceivables": "0", "changeInInventory": "0", "profitLoss": "None", "cashflowFromInvestment": "0", "cashflowFromFinancing": "76728700000", "proceedsFromRepaymentsOfShortTermDebt": "None", "paymentsForRepurchaseOfCommonStock": "None", "paymentsForRepurchaseOfEquity": "None", "paymentsForRepurchaseOfPreferredStock": "None", "dividendPayout": "300200000", "dividendPayoutCommonStock": "300200000", "dividendPayoutPreferredStock": "None", "proceedsFromIssuanceOfCommonStock": "None", "proceedsFromIssuanceOfLongTermDebtAndCapitalSecuritiesNet": "None", "proceedsFromIssuanceOfPreferredStock": "None", "proceedsFromRepurchaseOfEquity": "0", "proceedsFromSaleOfTreasuryStock": "None", "changeInCashAndCashEquivalents": "0", "changeInExchangeRate": "0", "netIncome": "11702387000"}, {"fiscalDateEnding": "2019-03-31", "reportedCurrency": "INR", "operatingCashflow": "7032880962.36", "paymentsForOperatingActivities": "None", "proceedsFromOperatingActivities": "None", "changeInOperatingLiabilities": "None", "changeInOperatingAssets": "None", "depreciationDepletionAndAmortization": "151054548.08", "capitalExpenditures": "165905469.26", "changeInReceivables": "0", "changeInInventory": "0", "profitLoss": "None", "cashflowFromInvestment": "-4356219218.26", "cashflowFromFinancing": "-2889593858.83", "proceedsFromRepaymentsOfShortTermDebt": "None", "paymentsForRepurchaseOfCommonStock": "None", "paymentsForRepurchaseOfEquity": "None", "paymentsForRepurchaseOfPreferredStock": "None", "dividendPayout": "168893432.56", "dividendPayoutCommonStock": "168893432.56", "dividendPayoutPreferredStock": "None", "proceedsFromIssuanceOfCommonStock": "None", "proceedsFromIssuanceOfLongTermDebtAndCapitalSecuritiesNet": "None", "proceedsFromIssuanceOfPreferredStock": "None", "proceedsFromRepurchaseOfEquity": "50376417.89", "proceedsFromSaleOfTreasuryStock": "None", "changeInCashAndCashEquivalents": "0", "changeInExchangeRate": "0", "netIncome": "11703600000"}, {"fiscalDateEnding": "2018-12-31", "reportedCurrency": "INR", "operatingCashflow": "0", "paymentsForOperatingActivities": "None", "proceedsFromOperatingActivities": "None", "changeInOperatingLiabilities": "None", "changeInOperatingAssets": "None", "depreciationDepletionAndAmortization": "0", "capitalExpenditures": "0", "changeInReceivables": "0", "changeInInventory": "0", "profitLoss": "None", "cashflowFromInvestment": "0", "cashflowFromFinancing": "0", "proceedsFromRepaymentsOfShortTermDebt": "None", "paymentsForRepurchaseOfCommonStock": "None", "paymentsForRepurchaseOfEquity": "None", "paymentsForRepurchaseOfPreferredStock": "None", "dividendPayout": "0", "dividendPayoutCommonStock": "0", "dividendPayoutPreferredStock": "None", "proceedsFromIssuanceOfCommonStock": "None", "proceedsFromIssuanceOfLongTermDebtAndCapitalSecuritiesNet": "None", "proceedsFromIssuanceOfPreferredStock": "None", "proceedsFromRepurchaseOfEquity": "0", "proceedsFromSaleOfTreasuryStock": "None", "changeInCashAndCashEquivalents": "0", "changeInExchangeRate": "0", "netIncome": "18740000000"}, {"fiscalDateEnding": "2018-09-30", "reportedCurrency": "INR", "operatingCashflow": "0", "paymentsForOperatingActivities": "None", "proceedsFromOperatingActivities": "None", "changeInOperatingLiabilities": "None", "changeInOperatingAssets": "None", "depreciationDepletionAndAmortization": "0", "capitalExpenditures": "0", "changeInReceivables": "0", "changeInInventory": "0", "profitLoss": "None", "cashflowFromInvestment": "0", "cashflowFromFinancing": "0", "proceedsFromRepaymentsOfShortTermDebt": "None", "paymentsForRepurchaseOfCommonStock": "None", "paymentsForRepurchaseOfEquity": "None", "paymentsForRepurchaseOfPreferredStock": "None", "dividendPayout": "0", "dividendPayoutCommonStock": "0", "dividendPayoutPreferredStock": "None", "proceedsFromIssuanceOfCommonStock": "None", "proceedsFromIssuanceOfLongTermDebtAndCapitalSecuritiesNet": "None", "proceedsFromIssuanceOfPreferredStock": "None", "proceedsFromRepurchaseOfEquity": "0", "proceedsFromSaleOfTreasuryStock": "None", "changeInCashAndCashEquivalents": "0", "changeInExchangeRate": "0", "netIncome": "12050000000"}]}, "overview": {"Symbol": "IBN", "AssetType": "Common Stock", "Name": "ICICI Bank Limited", "Description": "ICICI Bank Limited offers various banking products and financial services in India and internationally. The company is headquartered in Mumbai, India.", "CIK": "None", "Exchange": "NYSE", "Currency": "USD", "Country": "USA", "Sector": "TECHNOLOGY", "Industry": "GENERAL", "Address": "NONE", "FiscalYearEnd": "March", "LatestQuarter": "2023-09-30", "MarketCapitalization": "78327103000", "EBITDA": "None", "PERatio": "16.26", "PEGRatio": "0", "BookValue": "331.35", "DividendPerShare": "0", "DividendYield": "0.0087", "EPS": "1.36", "RevenuePerShareTTM": "376.45", "ProfitMargin": "0.306", "OperatingMarginTTM": "0.383", "ReturnOnAssetsTTM": "0.0211", "ReturnOnEquityTTM": "0.19", "RevenueTTM": "1314818359000", "GrossProfitTTM": "1286954800000", "DilutedEPSTTM": "1.36", "QuarterlyEarningsGrowthYOY": "0.357", "QuarterlyRevenueGrowthYOY": "0.229", "AnalystTargetPrice": "30.35", "TrailingPE": "16.26", "ForwardPE": "18.32", "PriceToSalesRatioTTM": "0.0705", "PriceToBookRatio": "3.288", "EVToRevenue": "-", "EVToEBITDA": "-", "Beta": "0.808", "52WeekHigh": "24.6", "52WeekLow": "19.18", "50DayMovingAverage": "22.84", "200DayMovingAverage": "22.5", "SharesOutstanding": "3504260000", "DividendDate": "2023-09-08", "ExDividendDate": "2023-08-08"}}